2035 3500
900 141 917 194 7

75 295 157 345 'neum
180 301 254 349 quum
275 287 300 332 in
318 286 434 340 Romana
455 282 597 344 practicae,
618 281 643 328 in
663 281 778 337 Asiatica
797 288 915 346 spiritalis

87 390 133 423 seu
141 373 294 421 theoreticae
305 372 430 434 quoddam
438 368 580 431 theologiae
590 385 671 431 genus
685 369 808 419 excultum
818 377 915 432 essee).

87 461 166 514 Sicuti
181 461 244 508 enirn
258 459 356 504 Romae
372 456 556 513 Ebionitismus,
573 471 588 502 a
599 439 677 504 Paulo
694 459 808 518 apostolo
826 467 858 518 et,
876 463 917 523 qui

88 549 225 611 doctrinam
231 546 285 606 ejus
292 551 465 605 sequerentur,
476 543 614 604 discipulis,
622 545 790 606 impugnatus,
800 545 915 596 Petrinae

88 637 118 681 de
134 634 225 682 fideet
241 632 359 692 operibus
371 632 499 676 doctrinae
509 615 590 677 locum
605 631 686 676 dedit:
703 632 738 677 ita
751 632 776 678 in
794 633 857 681 Asia
874 636 916 681 mi-

86 721 142 769 nori
159 720 252 767 eadem
266 717 417 764 christianae
433 716 565 781 religionis
577 719 724 778 primordia,
744 722 857 783 quamvis
866 701 916 770 ‘diu

9 793 17 873 5
88 808 235 869 disciplinae
251 805 384 851 abeodem
401 804 442 852 illo
454 803 568 866 apostolo
584 807 745 865 praedicatae
760 810 915 866 resisterent,

9 871 16 910 l
88 895 193 956 deniquo
213 892 249 940 ‚adv
264 891 421 953 theologiae,
440 894 511 955 cujus
527 891 656 938 lohannes
677 893 806 954 apostolus
828 901 916 946 auctor

87 982 162 1029 fictus
179 987 226 1038 est,
242 987 381 1041 praecepta
397 987 512 1041 promota
529 985 594 1032 sunt.
626 979 742 1028 Asiatica
752 988 834 1027 autem
844 981 916 1028 theo-

86 1068 258 1130 logia5quae',
280 1084 353 1130 quum
371 1083 385 1114 e
404 1057 504 1114 Graeca
525 1075 650 1129 tamquam
670 1076 738 1115 terra
755 1078 914 1127 nasceretur,

88 1154 203 1202 ethnicae
219 1155 326 1201 maxime
337 1153 512 1216 philosophiae
523 1154 671 1201 auctoritate
680 1154 779 1203 exculta
798 1157 915 1219 adolevit,
972 1200 974 1203 .

86 1240 329 1303 minusdiseiplinis,
347 1257 411 1304 quae
431 1242 464 1288 ad
484 1241 623 1302 practicam
639 1241 749 1288 fidelium
765 1243 841 1289 vitam
858 1260 915 1304 per-

53 1344 55 1347 ’
87 1330 171 1388 tinent,
188 1345 269 1391 quam,
286 1345 350 1392 quae
362 1331 398 1377 de
413 1342 523 1389 persona
536 1326 637 1386 Christi,
653 1334 769 1390 tanquam
783 1330 854 1393 Logo
869 1331 916 1379 Dei

7 1408 14 1480 {3
86 1416 311 1475 excogitabantur,
333 1417 432 1479 placitis
457 1414 611 1477 christianae
636 1415 752 1477 religioni
776 1416 915 1466 absolutam

78 1510 160 1570 *atque
176 1511 340 1550 ,autonomam
363 1505 505 1565 dignitatem
524 1503 666 1550 vindicavit.
699 1503 787 1564 ltaque
808 1506 914 1552 studium

6 1583 13 1614 '³
85 1591 245 1653 impugnandi
258 1590 380 1639 dudaismi
402 1592 426 1640 iu
443 1592 557 1639 Asiatica
578 1589 691 1636 ecclesia
718 1590 824 1639 aPaulo
845 1593 916 1640 iuce-

86 1685 163 1739 ptum,
181 1678 250 1725 Pauli
267 1686 292 1725 ct
307 1678 428 1727 Johaunis
442 1679 741 1735 nominumauetoritate,
760 1679 875 1729 Gnoseos
890 1683 914 1729 vi

6 1793 12 1820 a
85 1764 292 1827 atque‘esficacia
306 1766 456 1827 ,productum
472 1774 519 1817 est.

9 1918 11 1920 .
99 1884 101 1886 ·
124 1860 127 1864 ’
148 1852 238 1915 Atque,
247 1852 321 1916 hujus
334 1856 432 1917 quidem
443 1863 468 1901 et
476 1854 613 1916 impugnati
622 1846 776 1908 Ebionitismi
792 1855 913 1916 simulque

85 1946 161 1986 ortae·
178 1940 295 1987 Gnoseos
322 1948 410 2001 aperta
433 1940 584 2002 specimina,
606 1939 695 2001 quibus
719 1947 838 2002 tanquam
856 1942 914 1989 viae

86 2026 582 2088 conlectaecognoscunturstationes„
602 2027 620 2073 ii
639 2026 750 2073 habendi
770 2034 828 2074 sunt
849 2026 914 2090 libri,

85 2129 190 2177 quorum
206 2121 267 2171 tres,
285 2113 407 2175 epistolae
424 2115 457 2161 ad
473 2114 617 2170 Hebraeos,
635 2113 812 2171 Colossenscs,
829 2115 912 2176 Ephe-

85 2203 146 2259 sios,
162 2201 241 2260 Pauli,
260 2197 414 2261 evangelium
428 2201 533 2248 Johanis
548 2200 623 2262 hujus
640 2199 750 2261 apostoli
766 2204 913 2249 auctoritate

5 2305 9 2346 ςΔ
83 2291 190 2351 protecti
208 2290 234 2335 in
253 2287 382 2335 Ganonem
398 2288 428 2336 N.
444 2288 472 2337 T.
488 2294 577 2350 postea
594 2287 690 2348 recepti
706 2295 770 2334 sunt.
803 2288 913 2336 lllaxime

84 2384 177 2423 auten:
187 2376 277 2423 horum
291 2375 411 2425 librorum
422 2375 534 2436 propria
549 2381 589 2421 est
612 2373 726 2420 doctrina
747 2374 778 2420 de
800 2390 912 2436 persona

85 2464 191 2521 Christi,
208 2464 280 2525 cujus
296 2478 368 2525 quum
392 2462 423 2508 ab
441 2461 562 2509 Ebionitis
581 2461 629 2509 nisi
645 2460 752 2507 hominis
772 2462 914 2524 prophetici

83 2568 136 2599 non
151 2550 318 2599 affirmaretur
336 2550 455 2611 dignitas,
472 2550 554 2596 divina
571 2550 596 2596 in
613 2551 767 2598 illis‘natura
782 2551 913 2611 praediea·

84 2649 124 2688 tur
140 2639 274 2702 aegloria.
299 2638 371 2692 Quae
388 2646 491 2684 aeterna
505 2636 661 2698 potissimum
670 2636 770 2685 Christo
787 2637 914 2685 vindicata

85 2736 124 2776 est
134 2728 257 2788 divinitas,
275 2733 377 2788 propter
388 2740 551 2788 quamneque
560 2740 583 2777 ,a
594 2724 670 2771 Paulo
678 2740 760 2787 neque
774 2739 789 2770 a
799 2723 914 2772 Johanne

83 2815 118 2861 illi
132 2816 194 2862 libri
205 2814 334 2876 compositi
350 2828 410 2861 esse
423 2813 485 2874 ipsis
501 2813 645 2870 auctoribus
662 2811 839 2862 evidentissimi
856 2828 914 2860 eon·

84 2901 250 2959 vincuntur-⁶1.

110 3028 132 3087 5)
146 3027 274 3087 Schu'egler‘,
288 3029 376 3077 naohapi
390 3028 412 3065 Z.
426 3027 506 3065 lisam
519 3032 576 3075 seqq.
632 3025 634 3028 ’

110 3091 132 3140 6)
146 3090 273 3141 Schwegler,
286 3093 373 3140 nachap.
386 3091 409 3128 Z.
424 3092 450 3130 ll.
463 3088 501 3128 aad
515 3103 571 3139 seqq.
