<?xml version="1.0" encoding="UTF-8"?>
<!DOCTYPE html PUBLIC "-//W3C//DTD XHTML 1.0 Transitional//EN"
    "http://www.w3.org/TR/xhtml1/DTD/xhtml1-transitional.dtd">
<html xmlns="http://www.w3.org/1999/xhtml" xml:lang="en" lang="en">
 <head>
  <title>
</title>
<meta http-equiv="Content-Type" content="text/html;charset=utf-8" />
  <meta name='ocr-system' content='tesseract 3.04.00' />
  <meta name='ocr-capabilities' content='ocr_page ocr_carea ocr_par ocr_line ocrx_word'/>
</head>
<body>
  <div class='ocr_page' id='page_1' title='image "./MN41501ucmf_10_0062.png"; bbox 0 0 2035 3500; ppageno 0'>
   <div class='ocr_carea' id='block_1_1' title="bbox 85 71 152 197">
    <p class='ocr_par' dir='ltr' id='par_1_1' title="bbox 85 70 276 197">
     <span class='ocr_line' id='line_1_1' title="bbox 85 71 152 197; baseline 0 -24"><span class='ocrx_word' id='word_1_1' title='bbox 85 71 152 197; x_wconf 75' lang='lat' dir='ltr'>n</span> 
     </span>
    </p>
   </div>
   <div class='ocr_carea' id='block_1_2' title="bbox 110 256 1013 749">
    <p class='ocr_par' dir='ltr' id='par_1_2' title="bbox 110 256 1013 749">
     <span class='ocr_line' id='line_1_2' title="bbox 110 256 942 324; baseline -0.005 -13"><span class='ocrx_word' id='word_1_2' title='bbox 110 258 282 323; x_wconf 71' lang='lat' dir='ltr'>splendorem.</span> <span class='ocrx_word' id='word_1_3' title='bbox 330 259 412 324; x_wconf 83' lang='lat' dir='ltr'><strong>Atque</strong></span> <span class='ocrx_word' id='word_1_4' title='bbox 436 258 484 306; x_wconf 88' lang='lat' dir='ltr'>hac</span> <span class='ocrx_word' id='word_1_5' title='bbox 510 256 567 320; x_wconf 89' lang='lat' dir='ltr'>ipsa</span> <span class='ocrx_word' id='word_1_6' title='bbox 583 256 682 305; x_wconf 87' lang='lat' dir='ltr'>ratione</span> <span class='ocrx_word' id='word_1_7' title='bbox 702 261 822 309; x_wconf 79' lang='lat' dir='ltr'>tenebrae</span> <span class='ocrx_word' id='word_1_8' title='bbox 839 261 863 309; x_wconf 84' lang='lat' dir='ltr'>vi</span> <span class='ocrx_word' id='word_1_9' title='bbox 879 260 942 308; x_wconf 90' lang='lat' dir='ltr'>lucis</span> 
     </span>
     <span class='ocr_line' id='line_1_3' title="bbox 114 345 1008 415; baseline -0.001 -20"><span class='ocrx_word' id='word_1_10' title='bbox 114 359 165 395; x_wconf 81' lang='lat' dir='ltr'>non</span> <span class='ocrx_word' id='word_1_11' title='bbox 185 348 311 409; x_wconf 86' lang='lat' dir='ltr'>exparte</span> <span class='ocrx_word' id='word_1_12' title='bbox 331 354 475 393; x_wconf 83' lang='lat' dir='ltr'>amoventur</span> <span class='ocrx_word' id='word_1_13' title='bbox 500 347 567 403; x_wconf 86' lang='lat' dir='ltr'>(nam</span> <span class='ocrx_word' id='word_1_14' title='bbox 583 345 737 407; x_wconf 81' lang='lat' dir='ltr'>evarrgelium</span> <span class='ocrx_word' id='word_1_15' title='bbox 757 362 806 393; x_wconf 90' lang='lat' dir='ltr'>non</span> <span class='ocrx_word' id='word_1_16' title='bbox 823 356 861 394; x_wconf 91' lang='lat' dir='ltr'>est</span> <span class='ocrx_word' id='word_1_17' title='bbox 875 348 944 394; x_wconf 91' lang='lat' dir='ltr'>lumi·</span> <span class='ocrx_word' id='word_1_18' title='bbox 1006 382 1008 415; x_wconf 66' lang='lat'>3</span> 
     </span>
     <span class='ocr_line' id='line_1_4' title="bbox 114 425 1008 497; baseline 0.001 -18"><span class='ocrx_word' id='word_1_19' title='bbox 114 435 306 497; x_wconf 86' lang='lat' dir='ltr'>nosiquiddam,</span> <span class='ocrx_word' id='word_1_20' title='bbox 323 447 408 478; x_wconf 86' lang='lat' dir='ltr'>verum</span> <span class='ocrx_word' id='word_1_21' title='bbox 424 425 476 477; x_wconf 84' lang='lat' dir='ltr'>tota</span> <span class='ocrx_word' id='word_1_22' title='bbox 486 431 548 493; x_wconf 77' lang='lat' dir='ltr'>lux),</span> <span class='ocrx_word' id='word_1_23' title='bbox 565 433 612 477; x_wconf 88' lang='lat' dir='ltr'>sed</span> <span class='ocrx_word' id='word_1_24' title='bbox 628 438 677 477; x_wconf 87' lang='lat' dir='ltr'>tota</span> <span class='ocrx_word' id='word_1_25' title='bbox 690 431 847 478; x_wconf 87' lang='lat' dir='ltr'>tenebrarum</span> <span class='ocrx_word' id='word_1_26' title='bbox 863 435 943 493; x_wconf 87' lang='lat' dir='ltr'>caligo</span> <span class='ocrx_word' id='word_1_27' title='bbox 1006 432 1008 461; x_wconf 63' lang='lat'>³</span> 
     </span>
     <span class='ocr_line' id='line_1_5' title="bbox 114 502 1007 576; baseline -0.001 -14"><span class='ocrx_word' id='word_1_28' title='bbox 114 517 233 563; x_wconf 86' lang='lat' dir='ltr'>funditus</span> <span class='ocrx_word' id='word_1_29' title='bbox 250 517 408 576; x_wconf 76' lang='lat' dir='ltr'>dissipabitur</span> <span class='ocrx_word' id='word_1_30' title='bbox 429 522 503 576; x_wconf 89' lang='lat' dir='ltr'>atque</span> <span class='ocrx_word' id='word_1_31' title='bbox 524 516 549 559; x_wconf 89' lang='lat' dir='ltr'>in</span> <span class='ocrx_word' id='word_1_32' title='bbox 569 502 649 560; x_wconf 90' lang='lat' dir='ltr'>lucem</span> <span class='ocrx_word' id='word_1_33' title='bbox 666 525 832 563; x_wconf 84' lang='lat' dir='ltr'>convertetur.</span> <span class='ocrx_word' id='word_1_34' title='bbox 865 517 943 571; x_wconf 85' lang='lat' dir='ltr'>Quid·</span> <span class='ocrx_word' id='word_1_35' title='bbox 1006 522 1007 527; x_wconf 76' lang='grc'>’</span> 
     </span>
     <span class='ocr_line' id='line_1_6' title="bbox 116 603 1013 671; baseline 0.003 -15"><span class='ocrx_word' id='word_1_36' title='bbox 116 608 254 671; x_wconf 78' lang='lat' dir='ltr'>quidigitur</span> <span class='ocrx_word' id='word_1_37' title='bbox 264 606 414 668; x_wconf 84' lang='lat' dir='ltr'>pedetentim</span> <span class='ocrx_word' id='word_1_38' title='bbox 427 603 583 652; x_wconf 87' lang='lat' dir='ltr'>manifestum</span> <span class='ocrx_word' id='word_1_39' title='bbox 590 606 701 654; x_wconf 80' lang='lat' dir='ltr'>redditur</span> <span class='ocrx_word' id='word_1_40' title='bbox 711 606 779 669; x_wconf 80' lang='lat' dir='ltr'>luce,</span> <span class='ocrx_word' id='word_1_41' title='bbox 796 609 878 670; x_wconf 85' lang='lat' dir='ltr'>quoad</span> <span class='ocrx_word' id='word_1_42' title='bbox 887 607 943 655; x_wconf 93' lang='lat' dir='ltr'>luce</span> <span class='ocrx_word' id='word_1_43' title='bbox 1010 648 1013 659; x_wconf 38' lang='lat' dir='ltr'>s</span> 
     </span>
     <span class='ocr_line' id='line_1_7' title="bbox 116 692 911 749; baseline -0.001 -7"><span class='ocrx_word' id='word_1_44' title='bbox 116 695 298 742; x_wconf 89' lang='lat' dir='ltr'>manifestatum</span> <span class='ocrx_word' id='word_1_45' title='bbox 315 701 365 749; x_wconf 89' lang='lat' dir='ltr'>est,</span> <span class='ocrx_word' id='word_1_46' title='bbox 382 693 426 738; x_wconf 85' lang='lat' dir='ltr'>lux</span> <span class='ocrx_word' id='word_1_47' title='bbox 443 699 481 739; x_wconf 92' lang='lat' dir='ltr'>est</span> <span class='ocrx_word' id='word_1_48' title='bbox 497 693 551 739; x_wconf 90' lang='lat' dir='ltr'>sive</span> <span class='ocrx_word' id='word_1_49' title='bbox 566 693 591 738; x_wconf 89' lang='lat' dir='ltr'>in</span> <span class='ocrx_word' id='word_1_50' title='bbox 605 692 686 741; x_wconf 88' lang='lat' dir='ltr'>lucem</span> <span class='ocrx_word' id='word_1_51' title='bbox 703 693 911 741; x_wconf 81' lang='lat' dir='ltr'>transformatum.</span> 
     </span>
    </p>
   </div>
   <div class='ocr_carea' id='block_1_3' title="bbox 180 778 1012 841">
    <p class='ocr_par' dir='ltr' id='par_1_3' title="bbox 180 778 1012 841">
     <span class='ocr_line' id='line_1_8' title="bbox 180 778 1012 841; baseline -0.002 -16"><span class='ocrx_word' id='word_1_52' title='bbox 180 780 277 832; x_wconf 81' lang='lat' dir='ltr'>Quodsi</span> <span class='ocrx_word' id='word_1_53' title='bbox 293 778 423 837; x_wconf 90' lang='lat' dir='ltr'>apostolus</span> <span class='ocrx_word' id='word_1_54' title='bbox 441 786 586 837; x_wconf 82' lang='lat' dir='ltr'>praemonet</span> <span class='ocrx_word' id='word_1_55' title='bbox 601 778 738 837; x_wconf 80' lang='lat' dir='ltr'>Ephesios,</span> <span class='ocrx_word' id='word_1_56' title='bbox 755 785 901 824; x_wconf 82' lang='lat' dir='ltr'>ut&#39;caveant</span> <span class='ocrx_word' id='word_1_57' title='bbox 911 794 944 824; x_wconf 86' lang='lat' dir='ltr'>ne</span> <span class='ocrx_word' id='word_1_58' title='bbox 1011 784 1012 841; x_wconf 55' lang='lat' dir='ltr'>J</span> 
     </span>
    </p>
   </div>
   <div class='ocr_carea' id='block_1_4' title="bbox 116 860 956 1361">
    <p class='ocr_par' dir='ltr' id='par_1_4' title="bbox 116 860 956 1361">
     <span class='ocr_line' id='line_1_9' title="bbox 116 860 944 929; baseline -0.001 -16"><span class='ocrx_word' id='word_1_59' title='bbox 116 863 190 913; x_wconf 91' lang='lat' dir='ltr'>vanis</span> <span class='ocrx_word' id='word_1_60' title='bbox 203 863 359 929; x_wconf 89' lang='lat' dir='ltr'>decipiantur</span> <span class='ocrx_word' id='word_1_61' title='bbox 377 862 533 911; x_wconf 88' lang='lat' dir='ltr'>sermonibus</span> <span class='ocrx_word' id='word_1_62' title='bbox 551 860 623 927; x_wconf 85' lang='lat' dir='ltr'>(Eph.</span> <span class='ocrx_word' id='word_1_63' title='bbox 640 862 704 927; x_wconf 81' lang='grc'>5,6),</span> <span class='ocrx_word' id='word_1_64' title='bbox 718 863 862 912; x_wconf 87' lang='lat' dir='ltr'>adhortatur</span> <span class='ocrx_word' id='word_1_65' title='bbox 879 863 944 928; x_wconf 90' lang='lat' dir='ltr'>posi·</span> 
     </span>
     <span class='ocr_line' id='line_1_10' title="bbox 118 937 944 1016; baseline -0.001 -14"><span class='ocrx_word' id='word_1_66' title='bbox 118 957 167 1002; x_wconf 91' lang='lat' dir='ltr'>tivc</span> <span class='ocrx_word' id='word_1_67' title='bbox 187 937 214 1002; x_wconf 86' lang='lat' dir='ltr'>ut</span> <span class='ocrx_word' id='word_1_68' title='bbox 230 956 302 1002; x_wconf 91' lang='lat' dir='ltr'>liberi</span> <span class='ocrx_word' id='word_1_69' title='bbox 318 955 382 1002; x_wconf 91' lang='lat' dir='ltr'>lucis</span> <span class='ocrx_word' id='word_1_70' title='bbox 398 969 456 1000; x_wconf 91' lang='lat' dir='ltr'>sese</span> <span class='ocrx_word' id='word_1_71' title='bbox 473 960 561 1014; x_wconf 86' lang='lat' dir='ltr'>gerant</span> <span class='ocrx_word' id='word_1_72' title='bbox 577 953 601 999; x_wconf 92' lang='lat' dir='ltr'>in</span> <span class='ocrx_word' id='word_1_73' title='bbox 618 970 652 1000; x_wconf 82' lang='lat' dir='ltr'>re.</span> <span class='ocrx_word' id='word_1_74' title='bbox 684 955 770 1002; x_wconf 86' lang='lat' dir='ltr'>Foeda</span> <span class='ocrx_word' id='word_1_75' title='bbox 790 956 853 1000; x_wconf 88' lang='lat' dir='ltr'>enim</span> <span class='ocrx_word' id='word_1_76' title='bbox 870 963 944 1016; x_wconf 83' lang='lat' dir='ltr'>atque</span> 
     </span>
     <span class='ocr_line' id='line_1_11' title="bbox 117 1039 945 1108; baseline 0 -23"><span class='ocrx_word' id='word_1_77' title='bbox 117 1040 214 1087; x_wconf 89' lang='lat' dir='ltr'>occulta</span> <span class='ocrx_word' id='word_1_78' title='bbox 236 1042 344 1101; x_wconf 84' lang='lat' dir='ltr'>gentium</span> <span class='ocrx_word' id='word_1_79' title='bbox 365 1041 478 1084; x_wconf 86' lang='lat' dir='ltr'>facinora</span> <span class='ocrx_word' id='word_1_80' title='bbox 502 1042 580 1085; x_wconf 92' lang='lat' dir='ltr'>minns</span> <span class='ocrx_word' id='word_1_81' title='bbox 599 1054 629 1085; x_wconf 85' lang='lat' dir='ltr'>ea</span> <span class='ocrx_word' id='word_1_82' title='bbox 646 1039 822 1086; x_wconf 88' lang='lat' dir='ltr'>convincuntur</span> <span class='ocrx_word' id='word_1_83' title='bbox 841 1042 945 1108; x_wconf 74' lang='lat' dir='ltr'>ratione,</span> 
     </span>
     <span class='ocr_line' id='line_1_12' title="bbox 116 1123 945 1185; baseline -0.001 -17"><span class='ocrx_word' id='word_1_84' title='bbox 116 1132 143 1168; x_wconf 88' lang='lat' dir='ltr'>ut</span> <span class='ocrx_word' id='word_1_85' title='bbox 159 1125 190 1168; x_wconf 93' lang='lat' dir='ltr'>de</span> <span class='ocrx_word' id='word_1_86' title='bbox 209 1125 297 1169; x_wconf 90' lang='lat' dir='ltr'>iisdem</span> <span class='ocrx_word' id='word_1_87' title='bbox 317 1123 405 1166; x_wconf 88' lang='lat' dir='ltr'>fideles</span> <span class='ocrx_word' id='word_1_88' title='bbox 422 1123 548 1179; x_wconf 87' lang='lat' dir='ltr'>disputent</span> <span class='ocrx_word' id='word_1_89' title='bbox 566 1137 621 1166; x_wconf 89' lang='lat' dir='ltr'>cum</span> <span class='ocrx_word' id='word_1_90' title='bbox 638 1123 754 1180; x_wconf 79' lang='lat' dir='ltr'>ethnicis,</span> <span class='ocrx_word' id='word_1_91' title='bbox 783 1125 903 1185; x_wconf 83' lang='lat' dir='ltr'>quantita</span> <span class='ocrx_word' id='word_1_92' title='bbox 919 1132 945 1167; x_wconf 89' lang='lat' dir='ltr'>ut</span> 
     </span>
     <span class='ocr_line' id='line_1_13' title="bbox 117 1193 956 1275; baseline -0.002 -14"><span class='ocrx_word' id='word_1_93' title='bbox 117 1211 160 1261; x_wconf 91' lang='lat' dir='ltr'>filii</span> <span class='ocrx_word' id='word_1_94' title='bbox 179 1212 228 1261; x_wconf 87' lang='lat' dir='ltr'>Dei</span> <span class='ocrx_word' id='word_1_95' title='bbox 252 1212 332 1260; x_wconf 90' lang='lat' dir='ltr'>lucem</span> <span class='ocrx_word' id='word_1_96' title='bbox 354 1210 477 1274; x_wconf 82' lang='lat' dir='ltr'>evangelii</span> <span class='ocrx_word' id='word_1_97' title='bbox 497 1228 526 1258; x_wconf 90' lang='lat' dir='ltr'>re</span> <span class='ocrx_word' id='word_1_98' title='bbox 544 1211 602 1273; x_wconf 88' lang='lat' dir='ltr'>ipsa</span> <span class='ocrx_word' id='word_1_99' title='bbox 623 1211 650 1256; x_wconf 86' lang='lat' dir='ltr'>in</span> <span class='ocrx_word' id='word_1_100' title='bbox 666 1213 782 1258; x_wconf 77' lang='lat' dir='ltr'>tenebras</span> <span class='ocrx_word' id='word_1_101' title='bbox 800 1193 956 1275; x_wconf 79' lang='lat' dir='ltr'>dispergant</span> 
     </span>
     <span class='ocr_line' id='line_1_14' title="bbox 118 1278 945 1361; baseline -0.001 -14"><span class='ocrx_word' id='word_1_102' title='bbox 118 1316 149 1347; x_wconf 83' lang='lat' dir='ltr'>ac</span> <span class='ocrx_word' id='word_1_103' title='bbox 163 1278 307 1350; x_wconf 72' lang='lat' dir='ltr'>diii&#39;undant.</span> <span class='ocrx_word' id='word_1_104' title='bbox 341 1301 396 1354; x_wconf 74' lang='lat' dir='ltr'>Quo</span> <span class='ocrx_word' id='word_1_105' title='bbox 413 1299 452 1357; x_wconf 83' lang='lat' dir='ltr'>fit,</span> <span class='ocrx_word' id='word_1_106' title='bbox 472 1307 499 1345; x_wconf 86' lang='lat' dir='ltr'>ut</span> <span class='ocrx_word' id='word_1_107' title='bbox 513 1315 570 1345; x_wconf 74' lang='lat' dir='ltr'>non.</span> <span class='ocrx_word' id='word_1_108' title='bbox 580 1297 677 1357; x_wconf 80' lang='lat' dir='ltr'>singula</span> <span class='ocrx_word' id='word_1_109' title='bbox 693 1298 843 1361; x_wconf 86' lang='lat' dir='ltr'>flagitiorum</span> <span class='ocrx_word' id='word_1_110' title='bbox 858 1301 945 1346; x_wconf 82' lang='lat' dir='ltr'>ulcera</span> 
     </span>
    </p>
   </div>
   <div class='ocr_carea' id='block_1_5' title="bbox 117 1385 1017 1620">
    <p class='ocr_par' dir='ltr' id='par_1_5' title="bbox 117 1385 1017 1620">
     <span class='ocr_line' id='line_1_15' title="bbox 119 1385 1016 1443; baseline -0.002 -13"><span class='ocrx_word' id='word_1_111' title='bbox 119 1386 273 1439; x_wconf 77' lang='lat' dir='ltr'>excidantur,</span> <span class='ocrx_word' id='word_1_112' title='bbox 289 1386 335 1430; x_wconf 85' lang='lat' dir='ltr'>sed</span> <span class='ocrx_word' id='word_1_113' title='bbox 355 1394 407 1429; x_wconf 89' lang='lat' dir='ltr'>tota</span> <span class='ocrx_word' id='word_1_114' title='bbox 417 1399 502 1428; x_wconf 89' lang='lat' dir='ltr'>eorum</span> <span class='ocrx_word' id='word_1_115' title='bbox 518 1398 603 1428; x_wconf 81' lang='lat' dir='ltr'>rrrassa</span> <span class='ocrx_word' id='word_1_116' title='bbox 620 1385 778 1440; x_wconf 82' lang='lat' dir='ltr'>exstirpetur.</span> <span class='ocrx_word' id='word_1_117' title='bbox 796 1386 858 1428; x_wconf 87' lang='lat' dir='ltr'>Nam</span> <span class='ocrx_word' id='word_1_118' title='bbox 872 1400 945 1443; x_wconf 92' lang='lat' dir='ltr'>quum</span> <span class='ocrx_word' id='word_1_119' title='bbox 1015 1393 1016 1439; x_wconf 65' lang='grc' dir='ltr'><strong>ξ</strong></span> 
     </span>
     <span class='ocr_line' id='line_1_16' title="bbox 117 1466 1016 1533; baseline 0.001 -16"><span class='ocrx_word' id='word_1_120' title='bbox 117 1468 226 1518; x_wconf 89' lang='lat' dir='ltr'>inanium</span> <span class='ocrx_word' id='word_1_121' title='bbox 245 1470 378 1520; x_wconf 86' lang='lat' dir='ltr'>verborum</span> <span class='ocrx_word' id='word_1_122' title='bbox 407 1466 513 1531; x_wconf 91' lang='lat' dir='ltr'>strepitu</span> <span class='ocrx_word' id='word_1_123' title='bbox 530 1466 645 1518; x_wconf 80' lang='lat' dir='ltr'>facillime</span> <span class='ocrx_word' id='word_1_124' title='bbox 665 1466 747 1533; x_wconf 88' lang='lat' dir='ltr'>possit</span> <span class='ocrx_word' id='word_1_125' title='bbox 762 1466 828 1530; x_wconf 87' lang='lat' dir='ltr'>fieri,</span> <span class='ocrx_word' id='word_1_126' title='bbox 861 1476 887 1518; x_wconf 89' lang='lat' dir='ltr'>ut</span> <span class='ocrx_word' id='word_1_127' title='bbox 903 1467 946 1518; x_wconf 87' lang='lat' dir='ltr'>lux</span> <span class='ocrx_word' id='word_1_128' title='bbox 1014 1490 1016 1492; x_wconf 48' lang='lat'>&gt;</span> 
     </span>
     <span class='ocr_line' id='line_1_17' title="bbox 120 1553 1017 1620; baseline -0.002 -14"><span class='ocrx_word' id='word_1_129' title='bbox 120 1560 313 1607; x_wconf 83' lang='lat' dir='ltr'>commisceatur</span> <span class='ocrx_word' id='word_1_130' title='bbox 327 1574 386 1605; x_wconf 87' lang='lat' dir='ltr'>cum</span> <span class='ocrx_word' id='word_1_131' title='bbox 402 1559 524 1605; x_wconf 87' lang='lat' dir='ltr'>tenebris:</span> <span class='ocrx_word' id='word_1_132' title='bbox 558 1553 713 1618; x_wconf 85' lang='lat' dir='ltr'>perfructus</span> <span class='ocrx_word' id='word_1_133' title='bbox 729 1559 806 1616; x_wconf 90' lang='lat' dir='ltr'>lucis,</span> <span class='ocrx_word' id='word_1_134' title='bbox 832 1561 871 1620; x_wconf 90' lang='lat' dir='ltr'>qni</span> <span class='ocrx_word' id='word_1_135' title='bbox 889 1575 946 1605; x_wconf 81' lang='lat' dir='ltr'>cer·</span> <span class='ocrx_word' id='word_1_136' title='bbox 1015 1554 1017 1570; x_wconf 79' lang='lat'>³</span> 
     </span>
    </p>
   </div>
   <div class='ocr_carea' id='block_1_6' title="bbox 117 1644 1017 1704">
    <p class='ocr_par' dir='ltr' id='par_1_6' title="bbox 117 1644 1017 1704">
     <span class='ocr_line' id='line_1_18' title="bbox 117 1644 1017 1704; baseline -0.001 -14"><span class='ocrx_word' id='word_1_137' title='bbox 117 1652 209 1690; x_wconf 88' lang='lat' dir='ltr'>nuntur</span> <span class='ocrx_word' id='word_1_138' title='bbox 225 1646 250 1690; x_wconf 88' lang='lat' dir='ltr'>in</span> <span class='ocrx_word' id='word_1_139' title='bbox 267 1645 388 1700; x_wconf 83' lang='lat' dir='ltr'>bonitate,</span> <span class='ocrx_word' id='word_1_140' title='bbox 410 1644 507 1704; x_wconf 90' lang='lat' dir='ltr'>justitia</span> <span class='ocrx_word' id='word_1_141' title='bbox 524 1651 549 1688; x_wconf 91' lang='lat' dir='ltr'>et</span> <span class='ocrx_word' id='word_1_142' title='bbox 563 1644 680 1702; x_wconf 85' lang='lat' dir='ltr'>veritate,</span> <span class='ocrx_word' id='word_1_143' title='bbox 701 1652 753 1690; x_wconf 92' lang='lat' dir='ltr'>tota</span> <span class='ocrx_word' id='word_1_144' title='bbox 768 1645 811 1690; x_wconf 79' lang='lat' dir='ltr'>lux</span> <span class='ocrx_word' id='word_1_145' title='bbox 824 1648 849 1697; x_wconf 85' lang='lat' dir='ltr'>in</span> <span class='ocrx_word' id='word_1_146' title='bbox 865 1646 946 1690; x_wconf 90' lang='lat' dir='ltr'>locum</span> <span class='ocrx_word' id='word_1_147' title='bbox 1015 1659 1017 1699; x_wconf 80' lang='lat' dir='ltr'><strong>j</strong></span> 
     </span>
    </p>
   </div>
   <div class='ocr_carea' id='block_1_7' title="bbox 119 1726 947 1794">
    <p class='ocr_par' dir='ltr' id='par_1_7' title="bbox 119 1726 1018 1794">
     <span class='ocr_line' id='line_1_19' title="bbox 119 1726 947 1794; baseline 0.003 -23"><span class='ocrx_word' id='word_1_148' title='bbox 119 1729 194 1773; x_wconf 90' lang='lat' dir='ltr'>cedat</span> <span class='ocrx_word' id='word_1_149' title='bbox 216 1742 325 1773; x_wconf 89' lang='lat' dir='ltr'>necesse</span> <span class='ocrx_word' id='word_1_150' title='bbox 350 1738 389 1772; x_wconf 88' lang='lat' dir='ltr'>est</span> <span class='ocrx_word' id='word_1_151' title='bbox 408 1728 574 1773; x_wconf 88' lang='lat' dir='ltr'>tenebrarum.</span> <span class='ocrx_word' id='word_1_152' title='bbox 608 1726 690 1789; x_wconf 85' lang='lat' dir='ltr'>Atque</span> <span class='ocrx_word' id='word_1_153' title='bbox 711 1728 746 1772; x_wconf 86' lang='lat' dir='ltr'>ita</span> <span class='ocrx_word' id='word_1_154' title='bbox 763 1728 882 1794; x_wconf 78' lang='lat' dir='ltr'>quidquid</span> <span class='ocrx_word' id='word_1_155' title='bbox 901 1743 947 1790; x_wconf 89' lang='lat' dir='ltr'>per</span> 
     </span>
    </p>
   </div>
   <div class='ocr_carea' id='block_1_8' title="bbox 117 1796 1016 3095">
    <p class='ocr_par' dir='ltr' id='par_1_8' title="bbox 117 1796 1018 2223">
     <span class='ocr_line' id='line_1_20' title="bbox 117 1796 947 1881; baseline -0.001 -15"><span class='ocrx_word' id='word_1_156' title='bbox 117 1818 201 1866; x_wconf 89' lang='lat' dir='ltr'>lucem</span> <span class='ocrx_word' id='word_1_157' title='bbox 216 1796 369 1881; x_wconf 81' lang='lat' dir='ltr'>protrahitur</span> <span class='ocrx_word' id='word_1_158' title='bbox 385 1833 436 1865; x_wconf 88' lang='lat' dir='ltr'>non</span> <span class='ocrx_word' id='word_1_159' title='bbox 452 1816 604 1879; x_wconf 85' lang='lat' dir='ltr'>protrahitur</span> <span class='ocrx_word' id='word_1_160' title='bbox 619 1816 643 1863; x_wconf 90' lang='lat' dir='ltr'>in</span> <span class='ocrx_word' id='word_1_161' title='bbox 659 1816 738 1864; x_wconf 89' lang='lat' dir='ltr'>lucem</span> <span class='ocrx_word' id='word_1_162' title='bbox 756 1819 903 1879; x_wconf 82' lang='lat' dir='ltr'>cognitionis</span> <span class='ocrx_word' id='word_1_163' title='bbox 922 1827 947 1865; x_wconf 91' lang='lat' dir='ltr'>et</span> 
     </span>
     <span class='ocr_line' id='line_1_21' title="bbox 119 1903 947 1967; baseline 0 -17"><span class='ocrx_word' id='word_1_164' title='bbox 119 1906 304 1966; x_wconf 79' lang='lat' dir='ltr'>disputationis,</span> <span class='ocrx_word' id='word_1_165' title='bbox 336 1906 381 1951; x_wconf 89' lang='lat' dir='ltr'>sed</span> <span class='ocrx_word' id='word_1_166' title='bbox 402 1905 425 1950; x_wconf 88' lang='lat' dir='ltr'>in</span> <span class='ocrx_word' id='word_1_167' title='bbox 445 1905 528 1951; x_wconf 88' lang='lat' dir='ltr'>lucem</span> <span class='ocrx_word' id='word_1_168' title='bbox 545 1903 665 1964; x_wconf 86' lang='lat' dir='ltr'>evangelii</span> <span class='ocrx_word' id='word_1_169' title='bbox 681 1906 857 1967; x_wconf 76' lang='lat' dir='ltr'>purgatoriam.</span> <span class='ocrx_word' id='word_1_170' title='bbox 891 1906 947 1959; x_wconf 80' lang='lat' dir='ltr'>Qua</span> 
     </span>
     <span class='ocr_line' id='line_1_22' title="bbox 118 1989 945 2047; baseline 0.001 -13"><span class='ocrx_word' id='word_1_171' title='bbox 118 1990 265 2047; x_wconf 89' lang='lat' dir='ltr'>purgatoria</span> <span class='ocrx_word' id='word_1_172' title='bbox 280 1990 338 2034; x_wconf 87' lang='lat' dir='ltr'>luce</span> <span class='ocrx_word' id='word_1_173' title='bbox 355 1991 437 2033; x_wconf 85' lang='lat' dir='ltr'>omnia</span> <span class='ocrx_word' id='word_1_174' title='bbox 453 1990 630 2034; x_wconf 87' lang='lat' dir='ltr'>convincuntur</span> <span class='ocrx_word' id='word_1_175' title='bbox 646 2003 677 2033; x_wconf 90' lang='lat' dir='ltr'>ac</span> <span class='ocrx_word' id='word_1_176' title='bbox 690 1989 823 2036; x_wconf 76' lang='lat' dir='ltr'>manilesta</span> <span class='ocrx_word' id='word_1_177' title='bbox 839 1992 945 2035; x_wconf 88' lang='lat' dir='ltr'>reddun·</span> 
     </span>
     <span class='ocr_line' id='line_1_23' title="bbox 119 2071 1016 2138; baseline 0.006 -20"><span class='ocrx_word' id='word_1_178' title='bbox 119 2083 171 2133; x_wconf 86' lang='lat' dir='ltr'>tur,</span> <span class='ocrx_word' id='word_1_179' title='bbox 188 2072 387 2137; x_wconf 87' lang='lat' dir='ltr'>quandoquidem</span> <span class='ocrx_word' id='word_1_180' title='bbox 403 2078 481 2120; x_wconf 90' lang='lat' dir='ltr'>totum</span> <span class='ocrx_word' id='word_1_181' title='bbox 497 2071 556 2120; x_wconf 89' lang='lat' dir='ltr'>illud</span> <span class='ocrx_word' id='word_1_182' title='bbox 571 2071 743 2132; x_wconf 84' lang='lat' dir='ltr'>tenebrarum,</span> <span class='ocrx_word' id='word_1_183' title='bbox 761 2073 861 2138; x_wconf 89' lang='lat' dir='ltr'>quodvi</span> <span class='ocrx_word' id='word_1_184' title='bbox 872 2072 947 2137; x_wconf 86' lang='lat' dir='ltr'>vehe-</span> <span class='ocrx_word' id='word_1_185' title='bbox 1015 2099 1016 2102; x_wconf 38' lang='lat'>¹</span> 
     </span>
     <span class='ocr_line' id='line_1_24' title="bbox 119 2160 711 2223; baseline -0.003 -13"><span class='ocrx_word' id='word_1_186' title='bbox 119 2164 194 2210; x_wconf 90' lang='lat' dir='ltr'>menti</span> <span class='ocrx_word' id='word_1_187' title='bbox 209 2163 274 2211; x_wconf 90' lang='lat' dir='ltr'>lucis</span> <span class='ocrx_word' id='word_1_188' title='bbox 291 2162 447 2211; x_wconf 87' lang='lat' dir='ltr'>manifestum</span> <span class='ocrx_word' id='word_1_189' title='bbox 456 2160 503 2219; x_wconf 74' lang='lat' dir='ltr'>fit,</span> <span class='ocrx_word' id='word_1_190' title='bbox 526 2163 583 2223; x_wconf 88' lang='lat' dir='ltr'>ipsa</span> <span class='ocrx_word' id='word_1_191' title='bbox 597 2162 641 2208; x_wconf 83' lang='lat' dir='ltr'>lux</span> <span class='ocrx_word' id='word_1_192' title='bbox 657 2162 711 2209; x_wconf 89' lang='lat' dir='ltr'>erit.</span> 
     </span>
    </p>

    <p class='ocr_par' dir='ltr' id='par_1_9' title="bbox 118 2249 984 3095">
     <span class='ocr_line' id='line_1_25' title="bbox 180 2249 948 2311; baseline 0.004 -17"><span class='ocrx_word' id='word_1_193' title='bbox 180 2249 263 2311; x_wconf 91' lang='lat' dir='ltr'>Atque</span> <span class='ocrx_word' id='word_1_194' title='bbox 280 2266 311 2296; x_wconf 91' lang='lat' dir='ltr'>ca</span> <span class='ocrx_word' id='word_1_195' title='bbox 322 2251 376 2310; x_wconf 87' lang='lat' dir='ltr'>jam</span> <span class='ocrx_word' id='word_1_196' title='bbox 393 2257 461 2310; x_wconf 85' lang='lat' dir='ltr'>sunt,</span> <span class='ocrx_word' id='word_1_197' title='bbox 478 2264 541 2310; x_wconf 87' lang='lat' dir='ltr'>quae</span> <span class='ocrx_word' id='word_1_198' title='bbox 559 2264 590 2294; x_wconf 81' lang='lat' dir='ltr'>ex</span> <span class='ocrx_word' id='word_1_199' title='bbox 607 2249 718 2308; x_wconf 88' lang='lat' dir='ltr'>epistolis</span> <span class='ocrx_word' id='word_1_200' title='bbox 735 2251 766 2296; x_wconf 90' lang='lat' dir='ltr'>ad</span> <span class='ocrx_word' id='word_1_201' title='bbox 781 2250 907 2310; x_wconf 89' lang='lat' dir='ltr'>Ephesios</span> <span class='ocrx_word' id='word_1_202' title='bbox 924 2260 948 2297; x_wconf 90' lang='lat' dir='ltr'>et</span> 
     </span>
     <span class='ocr_line' id='line_1_26' title="bbox 120 2332 948 2394; baseline 0.002 -17"><span class='ocrx_word' id='word_1_203' title='bbox 120 2333 287 2379; x_wconf 87' lang='lat' dir='ltr'>Colossenses</span> <span class='ocrx_word' id='word_1_204' title='bbox 309 2349 325 2378; x_wconf 89' lang='lat' dir='ltr'>a</span> <span class='ocrx_word' id='word_1_205' title='bbox 341 2335 423 2378; x_wconf 86' lang='lat' dir='ltr'>Baurc</span> <span class='ocrx_word' id='word_1_206' title='bbox 441 2335 535 2392; x_wconf 86' lang='lat' dir='ltr'>electa,</span> <span class='ocrx_word' id='word_1_207' title='bbox 552 2335 707 2378; x_wconf 89' lang='lat' dir='ltr'>subditiciam</span> <span class='ocrx_word' id='word_1_208' title='bbox 724 2336 859 2379; x_wconf 89' lang='lat' dir='ltr'>earundem</span> <span class='ocrx_word' id='word_1_209' title='bbox 875 2332 948 2394; x_wconf 88' lang='lat' dir='ltr'>origi·</span> 
     </span>
     <span class='ocr_line' id='line_1_27' title="bbox 119 2418 984 2485; baseline 0.005 -18"><span class='ocrx_word' id='word_1_210' title='bbox 119 2435 176 2468; x_wconf 90' lang='lat' dir='ltr'>nem</span> <span class='ocrx_word' id='word_1_211' title='bbox 201 2420 344 2485; x_wconf 85' lang='lat' dir='ltr'>significare</span> <span class='ocrx_word' id='word_1_212' title='bbox 370 2424 425 2472; x_wconf 86' lang='lat' dir='ltr'>visa</span> <span class='ocrx_word' id='word_1_213' title='bbox 447 2430 504 2470; x_wconf 91' lang='lat' dir='ltr'>sunt</span> <span class='ocrx_word' id='word_1_214' title='bbox 529 2421 623 2470; x_wconf 89' lang='lat' dir='ltr'>critico.</span> <span class='ocrx_word' id='word_1_215' title='bbox 660 2421 841 2485; x_wconf 87' lang='lat' dir='ltr'>Interpretandi</span> <span class='ocrx_word' id='word_1_216' title='bbox 865 2431 948 2471; x_wconf 89' lang='lat' dir='ltr'>autem</span> <span class='ocrx_word' id='word_1_217' title='bbox 982 2418 984 2421; x_wconf 63' lang='grc'>’</span> 
     </span>
     <span class='ocr_line' id='line_1_28' title="bbox 118 2510 948 2572; baseline 0.002 -18"><span class='ocrx_word' id='word_1_218' title='bbox 118 2511 259 2572; x_wconf 89' lang='lat' dir='ltr'>1·atio,qua</span> <span class='ocrx_word' id='word_1_219' title='bbox 278 2527 340 2558; x_wconf 89' lang='lat' dir='ltr'>usus</span> <span class='ocrx_word' id='word_1_220' title='bbox 358 2518 398 2558; x_wconf 87' lang='lat' dir='ltr'>est</span> <span class='ocrx_word' id='word_1_221' title='bbox 415 2510 516 2557; x_wconf 91' lang='lat' dir='ltr'>criticus</span> <span class='ocrx_word' id='word_1_222' title='bbox 533 2519 632 2566; x_wconf 82' lang='lat' dir='ltr'>noster,</span> <span class='ocrx_word' id='word_1_223' title='bbox 652 2527 725 2572; x_wconf 90' lang='lat' dir='ltr'>quum</span> <span class='ocrx_word' id='word_1_224' title='bbox 743 2526 774 2557; x_wconf 89' lang='lat' dir='ltr'>ea</span> <span class='ocrx_word' id='word_1_225' title='bbox 791 2512 836 2571; x_wconf 89' lang='lat' dir='ltr'>sit,</span> <span class='ocrx_word' id='word_1_226' title='bbox 857 2519 884 2557; x_wconf 91' lang='lat' dir='ltr'>ut</span> <span class='ocrx_word' id='word_1_227' title='bbox 899 2512 948 2556; x_wconf 91' lang='lat' dir='ltr'>sin·</span> 
     </span>
     <span class='ocr_line' id='line_1_29' title="bbox 120 2593 948 2655; baseline 0.004 -16"><span class='ocrx_word' id='word_1_228' title='bbox 120 2596 178 2654; x_wconf 85' lang='lat' dir='ltr'>gula</span> <span class='ocrx_word' id='word_1_229' title='bbox 191 2593 425 2655; x_wconf 82' lang='lat' dir='ltr'>Scripturaeverba</span> <span class='ocrx_word' id='word_1_230' title='bbox 442 2604 516 2655; x_wconf 88' lang='lat' dir='ltr'>atque</span> <span class='ocrx_word' id='word_1_231' title='bbox 534 2598 665 2641; x_wconf 86' lang='lat' dir='ltr'>enunciata</span> <span class='ocrx_word' id='word_1_232' title='bbox 682 2611 714 2641; x_wconf 88' lang='lat' dir='ltr'>ex</span> <span class='ocrx_word' id='word_1_233' title='bbox 728 2612 811 2642; x_wconf 91' lang='lat' dir='ltr'>rerum</span> <span class='ocrx_word' id='word_1_234' title='bbox 829 2605 948 2642; x_wconf 83' lang='lat' dir='ltr'>contextu</span> 
     </span>
     <span class='ocr_line' id='line_1_30' title="bbox 120 2676 947 2747; baseline 0.006 -20"><span class='ocrx_word' id='word_1_235' title='bbox 120 2676 225 2743; x_wconf 88' lang='lat' dir='ltr'>avellat,</span> <span class='ocrx_word' id='word_1_236' title='bbox 249 2680 336 2733; x_wconf 89' lang='lat' dir='ltr'>avulsa</span> <span class='ocrx_word' id='word_1_237' title='bbox 354 2681 493 2746; x_wconf 82' lang='lat' dir='ltr'>discerpat,</span> <span class='ocrx_word' id='word_1_238' title='bbox 520 2680 647 2747; x_wconf 87' lang='lat' dir='ltr'>discerpta</span> <span class='ocrx_word' id='word_1_239' title='bbox 663 2681 755 2732; x_wconf 82' lang='lat' dir='ltr'>adsue</span> <span class='ocrx_word' id='word_1_240' title='bbox 769 2681 885 2747; x_wconf 81' lang='lat' dir='ltr'>figmenta</span> <span class='ocrx_word' id='word_1_241' title='bbox 905 2683 947 2732; x_wconf 91' lang='lat' dir='ltr'>de·</span> 
     </span>
     <span class='ocr_line' id='line_1_31' title="bbox 119 2773 947 2835; baseline 0.007 -20"><span class='ocrx_word' id='word_1_242' title='bbox 119 2777 245 2830; x_wconf 86' lang='lat' dir='ltr'>torqueat,</span> <span class='ocrx_word' id='word_1_243' title='bbox 278 2780 353 2835; x_wconf 90' lang='lat' dir='ltr'>atque</span> <span class='ocrx_word' id='word_1_244' title='bbox 373 2774 430 2833; x_wconf 86' lang='lat' dir='ltr'>ipsa</span> <span class='ocrx_word' id='word_1_245' title='bbox 446 2773 562 2832; x_wconf 85' lang='lat' dir='ltr'>figmenta</span> <span class='ocrx_word' id='word_1_246' title='bbox 583 2787 629 2819; x_wconf 91' lang='lat' dir='ltr'>sua</span> <span class='ocrx_word' id='word_1_247' title='bbox 645 2773 767 2833; x_wconf 90' lang='lat' dir='ltr'>integrum</span> <span class='ocrx_word' id='word_1_248' title='bbox 784 2781 809 2819; x_wconf 89' lang='lat' dir='ltr'>et</span> <span class='ocrx_word' id='word_1_249' title='bbox 824 2789 898 2820; x_wconf 90' lang='lat' dir='ltr'>unum</span> <span class='ocrx_word' id='word_1_250' title='bbox 915 2789 947 2821; x_wconf 86' lang='lat' dir='ltr'>ex</span> 
     </span>
     <span class='ocr_line' id='line_1_32' title="bbox 120 2855 946 2918; baseline 0.007 -18"><span class='ocrx_word' id='word_1_251' title='bbox 120 2855 233 2901; x_wconf 90' lang='lat' dir='ltr'>omnibus</span> <span class='ocrx_word' id='word_1_252' title='bbox 249 2872 335 2903; x_wconf 86' lang='lat' dir='ltr'>verum</span> <span class='ocrx_word' id='word_1_253' title='bbox 352 2873 411 2904; x_wconf 88' lang='lat' dir='ltr'>esse</span> <span class='ocrx_word' id='word_1_254' title='bbox 427 2860 538 2904; x_wconf 87' lang='lat' dir='ltr'>auctoris</span> <span class='ocrx_word' id='word_1_255' title='bbox 555 2874 657 2904; x_wconf 88' lang='lat' dir='ltr'>sensum</span> <span class='ocrx_word' id='word_1_256' title='bbox 674 2874 720 2918; x_wconf 92' lang='lat' dir='ltr'>pro</span> <span class='ocrx_word' id='word_1_257' title='bbox 738 2866 807 2902; x_wconf 90' lang='lat' dir='ltr'>certo</span> <span class='ocrx_word' id='word_1_258' title='bbox 828 2858 946 2905; x_wconf 87' lang='lat' dir='ltr'>affirmet:</span> 
     </span>
     <span class='ocr_line' id='line_1_33' title="bbox 119 2939 947 3009; baseline 0.008 -21"><span class='ocrx_word' id='word_1_259' title='bbox 119 2954 170 2989; x_wconf 92' lang='lat' dir='ltr'>non</span> <span class='ocrx_word' id='word_1_260' title='bbox 194 2939 275 3004; x_wconf 87' lang='lat' dir='ltr'>ipsam</span> <span class='ocrx_word' id='word_1_261' title='bbox 296 2943 445 3006; x_wconf 86' lang='lat' dir='ltr'>doctrinam,</span> <span class='ocrx_word' id='word_1_262' title='bbox 477 2960 541 3009; x_wconf 91' lang='lat' dir='ltr'>quae</span> <span class='ocrx_word' id='word_1_263' title='bbox 562 2945 587 2993; x_wconf 92' lang='lat' dir='ltr'>in</span> <span class='ocrx_word' id='word_1_264' title='bbox 604 2942 717 3007; x_wconf 91' lang='lat' dir='ltr'>epistolis</span> <span class='ocrx_word' id='word_1_265' title='bbox 733 2943 765 2992; x_wconf 88' lang='lat' dir='ltr'>ad</span> <span class='ocrx_word' id='word_1_266' title='bbox 782 2942 905 3009; x_wconf 85' lang='lat' dir='ltr'>Ephesios</span> <span class='ocrx_word' id='word_1_267' title='bbox 922 2955 947 2996; x_wconf 90' lang='lat' dir='ltr'>et</span> 
     </span>
     <span class='ocr_line' id='line_1_34' title="bbox 120 3029 946 3095; baseline 0.006 -18"><span class='ocrx_word' id='word_1_268' title='bbox 120 3029 288 3079; x_wconf 81' lang='lat' dir='ltr'>Colossenses</span> <span class='ocrx_word' id='word_1_269' title='bbox 305 3034 376 3081; x_wconf 87' lang='lat' dir='ltr'>obvia</span> <span class='ocrx_word' id='word_1_270' title='bbox 392 3035 438 3094; x_wconf 86' lang='lat' dir='ltr'>sit,</span> <span class='ocrx_word' id='word_1_271' title='bbox 459 3036 622 3095; x_wconf 87' lang='lat' dir='ltr'>propinquam</span> <span class='ocrx_word' id='word_1_272' title='bbox 639 3049 697 3083; x_wconf 89' lang='lat' dir='ltr'>csse</span> <span class='ocrx_word' id='word_1_273' title='bbox 714 3044 738 3083; x_wconf 93' lang='lat' dir='ltr'>et</span> <span class='ocrx_word' id='word_1_274' title='bbox 753 3035 879 3084; x_wconf 89' lang='lat' dir='ltr'>finitimam</span> <span class='ocrx_word' id='word_1_275' title='bbox 895 3037 946 3082; x_wconf 91' lang='lat' dir='ltr'>Va·</span> 
     </span>
    </p>
   </div>
   <div class='ocr_carea' id='block_1_9' title="bbox 0 0 1030 3500">
    <p class='ocr_par' dir='ltr' id='par_1_10' title="bbox 0 0 1030 3500">
     <span class='ocr_line' id='line_1_35' title="bbox 0 0 1030 3500; baseline 0 0"><span class='ocrx_word' id='word_1_276' title='bbox 0 0 1030 3500; x_wconf 95' lang='lat' dir='ltr'> </span> 
     </span>
    </p>
   </div>
  </div>
 </body>
</html>
