2035 3500
132 130 168 188 38

94 318 96 321 .
131 278 184 337 11),
198 284 226 324 ut
240 279 344 325 induant
359 272 506 323 armaturam
523 276 578 330 Dei,
594 284 621 321 ut
637 283 706 321 stare
724 279 822 334 possint
835 274 957 323 adversus

134 367 203 412 artes
224 361 324 414 diaboli.
362 361 483 419 Quoniam
502 358 661 411 luctationem
680 358 746 425 ipsis
762 373 811 409 non
835 373 893 409 esse
915 359 958 409 ad·
1011 404 1013 424 E

133 459 223 499 versus
242 454 388 516 sanguinem
407 459 433 499 et
453 467 566 508 carnem,
587 453 633 499 sed
653 452 778 499 adversus
797 451 960 513 principatus,

133 538 257 585 adversus
273 546 418 598 potestates,
440 539 563 583 adversus
585 539 712 597 principes
727 538 812 583 mnndi
828 537 853 582 in
869 537 908 582 his
922 544 959 581 te·

132 621 219 671 nebris
227 628 367 682 versantes,
384 620 507 671 adversus
521 619 659 685 spiritualia
669 621 842 691 improbitatis,
858 622 884 671 in
899 635 960 671 coe·

133 709 237 758 lestibus
254 711 323 759 locis.

197 797 329 844 Postremo
342 798 411 858 jam,
430 798 543 843 Aeonum
558 795 698 857 legionibus
713 798 822 852 eductis,
846 812 895 856 qno
911 811 960 842 me.

134 878 181 930 lius
204 883 421 949 conspicerentur,
451 880 534 947 ignem
557 881 582 928 in
602 881 693 931 castris
714 896 799 931 eorum
817 879 879 930 fecit
895 879 960 928 criti·

134 962 222 1025 cosm).
241 975 335 1021 Invenit
351 975 414 1020 eninr
431 975 510 1031 Baur,
526 975 604 1020 verba
620 989 684 1034 quae
702 981 801 1019 exstant
817 971 910 1033 Eph.5,
922 970 962 1016 132

132 1057 205 1111 „ccciv
225 1057 250 1104 τὸ
273 1059 452 1118 φανερούμενον
468 1061 519 1117 φῶς
534 1061 618 1119 ἐονιίζ,
650 1058 865 1119 &Valentinianis
871 1089 880 1112 ,
904 1058 960 1115 ipso
1015 1099 1016 1102 ,

133 1138 209 1190 Paulo
226 1140 325 1194 laudato
342 1151 457 1202 auctore,
474 1155 532 1190 esse
549 1141 671 1203 adducta,
687 1150 714 1191 ut
731 1143 755 1191 in
767 1141 873 1206 Prologo
886 1154 960 1199 evanf
1014 1146 1018 1185 ὲ

133 1231 190 1291 gelii
209 1232 330 1281 Johannis
352 1232 524 1294 depravando,
549 1232 655 1292 ineptias
670 1248 731 1279 suas
752 1232 859 1293 apostoli
876 1241 961 1278 auoto-
1014 1224 1018 1257 ἶ

132 1318 205 1361 ritate
221 1328 389 1378 protegerent.
422 1321 502 1371 Quom
519 1319 582 1362 enim
600 1317 714 1362 Gnostici
730 1310 764 1362 illi
780 1335 812 1363 ex
831 1319 960 1364 Connobio
1014 1349 1017 1382 1

132 1399 211 1451 Verbi
237 1410 262 1454 et
284 1404 360 1454 Vitae
374 1410 534 1468 procreatum
556 1417 614 1452 esse
636 1400 789 1453 Connnbinm
805 1403 915 1454 Hominis
936 1411 961 1454 et
1014 1388 1017 1447 ³.

132 1491 278 1551 Ecclesiae,
304 1495 448 1555 Scripturas
471 1493 611 1539 testimonio
629 1493 799 1540 demonstrare
820 1496 961 1542 studerent:
1015 1520 1017 1523 ·

132 1575 182 1620 hoc
197 1579 236 1622 usi
257 1588 315 1624 sunt
331 1586 441 1623 monstro
456 1578 676 1636 interpretationis.
709 1576 837 1623 iohannes
859 1587 960 1637 aposto·

133 1663 186 1723 luS,
215 1666 297 1730 ajunt,
327 1666 403 1715 vitam
424 1666 481 1714 dicit
503 1663 585 1713 lucem
607 1663 743 1724 hominum,
772 1665 960 1715 inimicantem

133 1754 210 1798 verbo
229 1755 401 1812 „hominurn“
423 1754 484 1799 latet
501 1752 688 1813 Conjugationis
705 1755 857 1810 communio,
883 1770 960 1815 quare

134 1851 166 1881 ex
185 1836 271 1884 Verbo
298 1846 323 1883 et
342 1837 399 1882 Vita
421 1838 554 1898 gignuntur
570 1836 651 1882 Homo
679 1844 703 1881 et
718 1836 844 1885 Ecclesia.
858 1857 866 1874 ι
877 1838 960 1899 Atque

133 1942 188 1974 eam
212 1929 309 1990 quidem
335 1929 366 1975 ob
386 1941 515 1983 caussam,
546 1925 621 1972 vitam
646 1941 704 1973 esse
725 1924 805 1974 lucem
827 1926 951 1975 hominnm
1014 1919 1017 1943 ⁵

952 1967 960 1991 ²
1013 1979 1016 2001 -ῑ

133 2012 270 2077 apostolus
281 2016 376 2069 docuit,
394 2013 461 2072 quod
477 2011 595 2056 Homines
611 2012 637 2067 (i,
654 2027 675 2058 e.
692 2012 771 2057 Homo
789 2021 813 2058 et
831 2014 959 2075 Ecclesia)
1013 2012 1017 2049 i'

133 2097 221 2147 eadem
235 2099 293 2147 luce
309 2096 484 2154 illuminantur,
501 2094 556 2142 sive
571 2093 709 2143 formantur
725 2096 960 2148 acoronifestantur.
1014 2132 1016 2166 4

131 2189 217 2250 ltaque
232 2189 290 2236 Vita
305 2196 437 2250 postquam
454 2187 583 2233 Hominem
598 2195 623 2232 et
638 2187 779 2234 Ecclesiam
795 2187 911 2235 formavit
920 2183 962 2238 rel
1014 2176 1017 2225 3

131 2275 229 2333 genuit,
245 2274 289 2319 lux
305 2290 390 2319 eorum
408 2273 533 2333 appellata
550 2279 589 2317 est
605 2287 620 2317 a
634 2272 711 2316 Paulo
727 2275 857 2332 apostolo,
870 2274 915 2321 ubi
927 2277 961 2322 ait
1015 2283 1016 2305 ³

132 2358 197 2421 »πᾶν
213 2356 239 2409 id
256 2359 434 2424 φανερούμενον
449 2359 500 2422 (pide
517 2359 634 2422 εὀττιῃ),4ί
1015 2425 1017 2428 v

173 2433 175 2437 Ι
195 2448 251 2501 Qua
267 2450 340 2494 nimia
356 2447 536 2508 interpretandi
552 2447 647 2493 incuria
660 2446 897 2504 Valentinianorum,
909 2464 960 2496 non

131 2532 197 2578 risus
210 2534 252 2580 vel
267 2534 375 2580 taedium
392 2531 498 2578 elicitum
515 2538 554 2577 est
569 2533 656 2577 critico
673 2539 774 2590 nostro,
793 2533 838 2579 sed
854 2534 960 2581 studium
1016 2570 1017 2575 ,

131 2621 246 2670 imitandi.
278 2624 360 2686 Atque
386 2623 412 2669 id
432 2624 528 2685 quidem
546 2623 741 2670 demonstratum
762 2639 820 2670 esse
837 2623 959 2673 hocloco
1016 2619 1017 2622 ¹

132 2708 164 2752 ab
189 2710 315 2769 apostolo,
347 2711 435 2769 grandi
461 2708 595 2768 supercilio
619 2710 734 2754 enunciat
753 2710 826 2756 nobis
849 2708 959 2768 philoso-
1016 2753 1017 2770 3

133 2790 210 2856 phos:
236 2811 400 2861 quaecunque
417 2794 478 2854 sint,
501 2792 614 2846 absolute
631 2811 703 2855 esse,
728 2809 810 2861 neque
827 2794 958 2860 quidquam
1015 2781 1017 2815 3

137 2936 289 2944 ἡ,
327 2935 332 2942 s

157 3008 193 3062 22)
208 3007 272 3057 Banr,
287 3009 364 3049 Paulos
378 3025 398 3061 p.
413 3012 458 3050 435.

155 3077 191 3124 23)
205 3076 258 3114 lrcn.
272 3075 318 3113 adv.
333 3077 391 3113 haer.
405 3077 421 3113 1.
434 3081 468 3122 8,5
