<?xml version="1.0" encoding="UTF-8"?>
<!DOCTYPE html PUBLIC "-//W3C//DTD XHTML 1.0 Transitional//EN"
    "http://www.w3.org/TR/xhtml1/DTD/xhtml1-transitional.dtd">
<html xmlns="http://www.w3.org/1999/xhtml" xml:lang="en" lang="en">
 <head>
  <title>
</title>
<meta http-equiv="Content-Type" content="text/html;charset=utf-8" />
  <meta name='ocr-system' content='tesseract 3.04.00' />
  <meta name='ocr-capabilities' content='ocr_page ocr_carea ocr_par ocr_line ocrx_word'/>
</head>
<body>
  <div class='ocr_page' id='page_1' title='image "./MN41501ucmf_10_0074.png"; bbox 0 0 2035 3500; ppageno 0'>
   <div class='ocr_carea' id='block_1_1' title="bbox 117 125 189 221">
    <p class='ocr_par' dir='ltr' id='par_1_1' title="bbox 117 125 189 221">
     <span class='ocr_line' id='line_1_1' title="bbox 117 125 189 221; baseline -0.014 0"><span class='ocrx_word' id='word_1_1' title='bbox 117 125 189 221; x_wconf 80' lang='lat' dir='ltr'>m</span> 
     </span>
    </p>
   </div>
   <div class='ocr_carea' id='block_1_2' title="bbox 119 306 1018 2454">
    <p class='ocr_par' dir='ltr' id='par_1_2' title="bbox 119 306 1018 2454">
     <span class='ocr_line' id='line_1_2' title="bbox 119 306 1009 374; baseline 0.003 -16"><span class='ocrx_word' id='word_1_2' title='bbox 119 312 233 360; x_wconf 87' lang='lat' dir='ltr'>homines</span> <span class='ocrx_word' id='word_1_3' title='bbox 261 313 344 359; x_wconf 89' lang='lat' dir='ltr'>adhuc</span> <span class='ocrx_word' id='word_1_4' title='bbox 362 317 480 373; x_wconf 88' lang='lat' dir='ltr'>peracta,</span> <span class='ocrx_word' id='word_1_5' title='bbox 512 306 585 372; x_wconf 89' lang='lat' dir='ltr'>quam</span> <span class='ocrx_word' id='word_1_6' title='bbox 608 307 673 372; x_wconf 76' lang='lat' dir='ltr'>quae</span> <span class='ocrx_word' id='word_1_7' title='bbox 691 308 746 373; x_wconf 85' lang='lat' dir='ltr'>jam</span> <span class='ocrx_word' id='word_1_8' title='bbox 765 320 852 360; x_wconf 85' lang='lat' dir='ltr'>essent</span> <span class='ocrx_word' id='word_1_9' title='bbox 871 327 944 374; x_wconf 72' lang='lat' dir='ltr'>pera·v</span> <span class='ocrx_word' id='word_1_10' title='bbox 1008 334 1009 337; x_wconf 44' lang='lat'>¹</span> 
     </span>
     <span class='ocr_line' id='line_1_3' title="bbox 119 387 945 461; baseline 0 -15"><span class='ocrx_word' id='word_1_11' title='bbox 119 400 218 461; x_wconf 71' lang='lat' dir='ltr'>ganda?</span> <span class='ocrx_word' id='word_1_12' title='bbox 248 400 322 446; x_wconf 91' lang='lat' dir='ltr'>Haud</span> <span class='ocrx_word' id='word_1_13' title='bbox 339 399 402 446; x_wconf 89' lang='lat' dir='ltr'>euim</span> <span class='ocrx_word' id='word_1_14' title='bbox 417 412 498 457; x_wconf 91' lang='lat' dir='ltr'>parva</span> <span class='ocrx_word' id='word_1_15' title='bbox 512 393 598 454; x_wconf 84' lang='lat' dir='ltr'>erant,</span> <span class='ocrx_word' id='word_1_16' title='bbox 615 394 680 459; x_wconf 87' lang='lat' dir='ltr'>quae</span> <span class='ocrx_word' id='word_1_17' title='bbox 696 397 765 444; x_wconf 86' lang='lat' dir='ltr'>Deus</span> <span class='ocrx_word' id='word_1_18' title='bbox 777 387 828 459; x_wconf 85' lang='lat' dir='ltr'>per</span> <span class='ocrx_word' id='word_1_19' title='bbox 844 396 945 460; x_wconf 86' lang='lat' dir='ltr'>aposto·</span> 
     </span>
     <span class='ocr_line' id='line_1_4' title="bbox 119 483 945 548; baseline 0 -16"><span class='ocrx_word' id='word_1_20' title='bbox 119 485 157 533; x_wconf 93' lang='lat' dir='ltr'>los</span> <span class='ocrx_word' id='word_1_21' title='bbox 180 500 240 533; x_wconf 89' lang='lat' dir='ltr'>suos</span> <span class='ocrx_word' id='word_1_22' title='bbox 263 486 430 548; x_wconf 80' lang='lat' dir='ltr'>imprimisque</span> <span class='ocrx_word' id='word_1_23' title='bbox 446 501 492 546; x_wconf 89' lang='lat' dir='ltr'>per</span> <span class='ocrx_word' id='word_1_24' title='bbox 508 483 611 531; x_wconf 86' lang='lat' dir='ltr'>Paulum</span> <span class='ocrx_word' id='word_1_25' title='bbox 627 485 697 532; x_wconf 88' lang='lat' dir='ltr'>brevi</span> <span class='ocrx_word' id='word_1_26' title='bbox 712 484 842 536; x_wconf 84' lang='lat' dir='ltr'>admodum</span> <span class='ocrx_word' id='word_1_27' title='bbox 863 487 945 547; x_wconf 89' lang='lat' dir='ltr'>spatio</span> 
     </span>
     <span class='ocr_line' id='line_1_5' title="bbox 119 564 942 643; baseline -0.001 -23"><span class='ocrx_word' id='word_1_28' title='bbox 119 575 239 636; x_wconf 86' lang='lat' dir='ltr'>temporis</span> <span class='ocrx_word' id='word_1_29' title='bbox 253 575 285 620; x_wconf 90' lang='lat' dir='ltr'>ad</span> <span class='ocrx_word' id='word_1_30' title='bbox 300 564 392 620; x_wconf 81' lang='lat' dir='ltr'>Christi</span> <span class='ocrx_word' id='word_1_31' title='bbox 407 587 511 634; x_wconf 82' lang='lat' dir='ltr'>reguum</span> <span class='ocrx_word' id='word_1_32' title='bbox 528 573 685 643; x_wconf 82' lang='lat' dir='ltr'>condendum</span> <span class='ocrx_word' id='word_1_33' title='bbox 701 569 845 636; x_wconf 50' lang='lat' dir='ltr'>peregerat,</span> <span class='ocrx_word' id='word_1_34' title='bbox 876 572 879 611; x_wconf 74' lang='lat' dir='ltr'>l</span> <span class='ocrx_word' id='word_1_35' title='bbox 941 609 942 612; x_wconf 17' lang='grc' dir='ltr'>η</span> 
     </span>
     <span class='ocr_line' id='line_1_6' title="bbox 181 655 946 721; baseline -0.004 -12"><span class='ocrx_word' id='word_1_36' title='bbox 181 662 244 709; x_wconf 88' lang='lat' dir='ltr'>Asia</span> <span class='ocrx_word' id='word_1_37' title='bbox 257 661 337 708; x_wconf 91' lang='lat' dir='ltr'>minor</span> <span class='ocrx_word' id='word_1_38' title='bbox 354 668 379 708; x_wconf 87' lang='lat' dir='ltr'>et</span> <span class='ocrx_word' id='word_1_39' title='bbox 391 660 499 707; x_wconf 79' lang='lat' dir='ltr'>Graecia</span> <span class='ocrx_word' id='word_1_40' title='bbox 507 660 650 707; x_wconf 82' lang='lat' dir='ltr'>abundabat</span> <span class='ocrx_word' id='word_1_41' title='bbox 666 660 779 707; x_wconf 85' lang='lat' dir='ltr'>ecclesiis</span> <span class='ocrx_word' id='word_1_42' title='bbox 788 658 858 706; x_wconf 84' lang='lat' dir='ltr'>Pauli</span> <span class='ocrx_word' id='word_1_43' title='bbox 870 655 946 721; x_wconf 86' lang='lat' dir='ltr'>prae-</span> 
     </span>
     <span class='ocr_line' id='line_1_7' title="bbox 122 743 945 811; baseline -0.004 -15"><span class='ocrx_word' id='word_1_44' title='bbox 122 751 194 811; x_wconf 88' lang='lat' dir='ltr'>cipue</span> <span class='ocrx_word' id='word_1_45' title='bbox 215 749 296 796; x_wconf 89' lang='lat' dir='ltr'>studio</span> <span class='ocrx_word' id='word_1_46' title='bbox 314 743 349 795; x_wconf 75' lang='lat' dir='ltr'>&#39;ao</span> <span class='ocrx_word' id='word_1_47' title='bbox 367 743 459 795; x_wconf 70' lang='lat' dir='ltr'>&#39;labore</span> <span class='ocrx_word' id='word_1_48' title='bbox 481 748 657 810; x_wconf 79' lang='lat' dir='ltr'>congregatis,</span> <span class='ocrx_word' id='word_1_49' title='bbox 689 746 760 809; x_wconf 85' lang='lat' dir='ltr'>quae</span> <span class='ocrx_word' id='word_1_50' title='bbox 777 746 945 802; x_wconf 26' lang='lat' dir='ltr'>etsi-fidelium</span> 
     </span>
     <span class='ocr_line' id='line_1_8' title="bbox 120 833 946 899; baseline -0.004 -15"><span class='ocrx_word' id='word_1_51' title='bbox 120 838 246 898; x_wconf 80' lang='lat' dir='ltr'>paucitate</span> <span class='ocrx_word' id='word_1_52' title='bbox 263 837 380 899; x_wconf 77' lang='lat' dir='ltr'>exiguae,</span> <span class='ocrx_word' id='word_1_53' title='bbox 394 844 476 882; x_wconf 85' lang='lat' dir='ltr'>tamen</span> <span class='ocrx_word' id='word_1_54' title='bbox 489 836 513 881; x_wconf 91' lang='lat' dir='ltr'>iu</span> <span class='ocrx_word' id='word_1_55' title='bbox 524 835 625 882; x_wconf 80' lang='lat' dir='ltr'>Christo</span> <span class='ocrx_word' id='word_1_56' title='bbox 638 835 778 893; x_wconf 82' lang='lat' dir='ltr'>radicatae,</span> <span class='ocrx_word' id='word_1_57' title='bbox 793 833 946 881; x_wconf 56' lang='lat' dir='ltr'>lidemutuoss</span> 
     </span>
     <span class='ocr_line' id='line_1_9' title="bbox 123 916 946 987; baseline -0.005 -15"><span class='ocrx_word' id='word_1_58' title='bbox 123 941 171 987; x_wconf 88' lang='lat' dir='ltr'>que</span> <span class='ocrx_word' id='word_1_59' title='bbox 187 925 291 972; x_wconf 81' lang='lat' dir='ltr'>fratrum</span> <span class='ocrx_word' id='word_1_60' title='bbox 308 916 393 970; x_wconf 89' lang='lat' dir='ltr'>amore</span> <span class='ocrx_word' id='word_1_61' title='bbox 416 923 554 970; x_wconf 82' lang='lat' dir='ltr'>arctissime</span> <span class='ocrx_word' id='word_1_62' title='bbox 574 922 639 968; x_wconf 88' lang='lat' dir='ltr'>inter</span> <span class='ocrx_word' id='word_1_63' title='bbox 659 936 687 968; x_wconf 86' lang='lat' dir='ltr'>se</span> <span class='ocrx_word' id='word_1_64' title='bbox 700 930 775 973; x_wconf 85' lang='lat' dir='ltr'>¹eraut</span> <span class='ocrx_word' id='word_1_65' title='bbox 790 921 946 983; x_wconf 87' lang='lat' dir='ltr'>conjunctae.</span> 
     </span>
     <span class='ocr_line' id='line_1_10' title="bbox 122 999 947 1071; baseline -0.002 -14"><span class='ocrx_word' id='word_1_66' title='bbox 122 1012 177 1058; x_wconf 85' lang='lat' dir='ltr'>Jam</span> <span class='ocrx_word' id='word_1_67' title='bbox 197 1013 222 1057; x_wconf 92' lang='lat' dir='ltr'>in</span> <span class='ocrx_word' id='word_1_68' title='bbox 241 1013 288 1067; x_wconf 89' lang='lat' dir='ltr'>iis,</span> <span class='ocrx_word' id='word_1_69' title='bbox 310 1026 383 1071; x_wconf 81' lang='lat' dir='ltr'>-qnas</span> <span class='ocrx_word' id='word_1_70' title='bbox 400 1010 492 1057; x_wconf 86' lang='lat' dir='ltr'>Paulus</span> <span class='ocrx_word' id='word_1_71' title='bbox 508 1010 631 1057; x_wconf 88' lang='lat' dir='ltr'>ecclesias</span> <span class='ocrx_word' id='word_1_72' title='bbox 649 1006 872 1065; x_wconf 77' lang='lat' dir='ltr'>exaedificaverat,</span> <span class='ocrx_word' id='word_1_73' title='bbox 885 999 947 1056; x_wconf 80' lang='lat' dir='ltr'>nou</span> 
     </span>
     <span class='ocr_line' id='line_1_11' title="bbox 121 1093 947 1158; baseline -0.001 -15"><span class='ocrx_word' id='word_1_74' title='bbox 121 1098 202 1158; x_wconf 88' lang='lat' dir='ltr'>prima</span> <span class='ocrx_word' id='word_1_75' title='bbox 222 1096 350 1142; x_wconf 88' lang='lat' dir='ltr'>doctrinae</span> <span class='ocrx_word' id='word_1_76' title='bbox 376 1096 525 1142; x_wconf 87' lang='lat' dir='ltr'>lineamenta</span> <span class='ocrx_word' id='word_1_77' title='bbox 547 1104 617 1142; x_wconf 80' lang='lat' dir='ltr'>eraut</span> <span class='ocrx_word' id='word_1_78' title='bbox 633 1096 766 1152; x_wconf 86' lang='lat' dir='ltr'>tradenda,</span> <span class='ocrx_word' id='word_1_79' title='bbox 800 1096 846 1147; x_wconf 89' lang='lat' dir='ltr'>scd</span> <span class='ocrx_word' id='word_1_80' title='bbox 865 1093 947 1156; x_wconf 84' lang='lat' dir='ltr'>potius</span> 
     </span>
     <span class='ocr_line' id='line_1_12' title="bbox 122 1182 947 1244; baseline -0.002 -14"><span class='ocrx_word' id='word_1_81' title='bbox 122 1198 199 1244; x_wconf 84' lang='lat' dir='ltr'>super</span> <span class='ocrx_word' id='word_1_82' title='bbox 220 1182 394 1242; x_wconf 84' lang='lat' dir='ltr'>fundamento,</span> <span class='ocrx_word' id='word_1_83' title='bbox 428 1183 494 1244; x_wconf 90' lang='lat' dir='ltr'>quod</span> <span class='ocrx_word' id='word_1_84' title='bbox 508 1183 604 1243; x_wconf 85' lang='lat' dir='ltr'>jactum</span> <span class='ocrx_word' id='word_1_85' title='bbox 625 1190 693 1238; x_wconf 79' lang='lat' dir='ltr'>erat,</span> <span class='ocrx_word' id='word_1_86' title='bbox 715 1183 947 1242; x_wconf 87' lang='lat' dir='ltr'>super·str·uendum;</span> 
     </span>
     <span class='ocr_line' id='line_1_13' title="bbox 122 1267 918 1316; baseline -0.004 0"><span class='ocrx_word' id='word_1_87' title='bbox 122 1270 206 1316; x_wconf 86' lang='lat' dir='ltr'>sancti</span> <span class='ocrx_word' id='word_1_88' title='bbox 222 1284 273 1315; x_wconf 90' lang='lat' dir='ltr'>non</span> <span class='ocrx_word' id='word_1_89' title='bbox 292 1268 358 1315; x_wconf 87' lang='lat' dir='ltr'>lacte</span> <span class='ocrx_word' id='word_1_90' title='bbox 376 1267 458 1315; x_wconf 90' lang='lat' dir='ltr'>alendi</span> <span class='ocrx_word' id='word_1_91' title='bbox 473 1269 520 1316; x_wconf 88' lang='lat' dir='ltr'>sed</span> <span class='ocrx_word' id='word_1_92' title='bbox 539 1269 604 1315; x_wconf 88' lang='lat' dir='ltr'>cibo.</span> <span class='ocrx_word' id='word_1_93' title='bbox 909 1267 918 1272; x_wconf 63' lang='grc'><em>’</em></span> 
     </span>
     <span class='ocr_line' id='line_1_14' title="bbox 186 1347 949 1416; baseline 0.003 -16"><span class='ocrx_word' id='word_1_94' title='bbox 186 1356 258 1408; x_wconf 84' lang='lat' dir='ltr'>Quae</span> <span class='ocrx_word' id='word_1_95' title='bbox 284 1370 356 1416; x_wconf 88' lang='lat' dir='ltr'>quum</span> <span class='ocrx_word' id='word_1_96' title='bbox 377 1348 413 1401; x_wconf 86' lang='lat' dir='ltr'>ita</span> <span class='ocrx_word' id='word_1_97' title='bbox 434 1347 532 1410; x_wconf 76' lang='lat' dir='ltr'>essent,</span> <span class='ocrx_word' id='word_1_98' title='bbox 558 1354 607 1404; x_wconf 87' lang='lat' dir='ltr'>alia</span> <span class='ocrx_word' id='word_1_99' title='bbox 627 1351 748 1415; x_wconf 85' lang='lat' dir='ltr'>quaedam</span> <span class='ocrx_word' id='word_1_100' title='bbox 761 1369 874 1402; x_wconf 85' lang='lat' dir='ltr'>neccsse</span> <span class='ocrx_word' id='word_1_101' title='bbox 895 1364 949 1402; x_wconf 89' lang='lat' dir='ltr'>erat</span> 
     </span>
     <span class='ocr_line' id='line_1_15' title="bbox 121 1427 949 1502; baseline 0.004 -16"><span class='ocrx_word' id='word_1_102' title='bbox 121 1442 187 1487; x_wconf 87' lang='lat' dir='ltr'>inter</span> <span class='ocrx_word' id='word_1_103' title='bbox 204 1440 307 1487; x_wconf 87' lang='lat' dir='ltr'>Paulum</span> <span class='ocrx_word' id='word_1_104' title='bbox 323 1443 448 1502; x_wconf 84' lang='lat' dir='ltr'>captivum</span> <span class='ocrx_word' id='word_1_105' title='bbox 465 1451 490 1488; x_wconf 92' lang='lat' dir='ltr'>et</span> <span class='ocrx_word' id='word_1_106' title='bbox 507 1448 599 1488; x_wconf 86' lang='lat' dir='ltr'>totam</span> <span class='ocrx_word' id='word_1_107' title='bbox 617 1439 750 1488; x_wconf 87' lang='lat' dir='ltr'>ecclesiam</span> <span class='ocrx_word' id='word_1_108' title='bbox 765 1427 828 1487; x_wconf 81' lang='lat' dir='ltr'>ratic</span> <span class='ocrx_word' id='word_1_109' title='bbox 844 1441 949 1489; x_wconf 88' lang='lat' dir='ltr'>interce·</span> 
     </span>
     <span class='ocr_line' id='line_1_16' title="bbox 123 1512 948 1588; baseline 0.004 -15"><span class='ocrx_word' id='word_1_110' title='bbox 123 1528 291 1588; x_wconf 66' lang='lat' dir='ltr'>deret,.quam</span> <span class='ocrx_word' id='word_1_111' title='bbox 304 1527 369 1574; x_wconf 86' lang='lat' dir='ltr'>inter</span> <span class='ocrx_word' id='word_1_112' title='bbox 382 1528 484 1574; x_wconf 88' lang='lat' dir='ltr'>Paulum</span> <span class='ocrx_word' id='word_1_113' title='bbox 499 1527 591 1574; x_wconf 87' lang='lat' dir='ltr'>fuerat</span> <span class='ocrx_word' id='word_1_114' title='bbox 601 1529 728 1588; x_wconf 82' lang='lat' dir='ltr'>praesenti</span> <span class='ocrx_word' id='word_1_115' title='bbox 745 1543 861 1575; x_wconf 87' lang='lat' dir='ltr'>sermone</span> <span class='ocrx_word' id='word_1_116' title='bbox 875 1512 948 1577; x_wconf 89' lang='lat' dir='ltr'>fidem</span> 
     </span>
     <span class='ocr_line' id='line_1_17' title="bbox 123 1614 949 1676; baseline 0.005 -16"><span class='ocrx_word' id='word_1_117' title='bbox 123 1623 284 1676; x_wconf 81' lang='lat' dir='ltr'>spargentem</span> <span class='ocrx_word' id='word_1_118' title='bbox 297 1622 325 1660; x_wconf 83' lang='lat' dir='ltr'>et</span> <span class='ocrx_word' id='word_1_119' title='bbox 338 1614 474 1675; x_wconf 79' lang='lat' dir='ltr'>singulas</span> <span class='ocrx_word' id='word_1_120' title='bbox 491 1614 623 1663; x_wconf 85' lang='lat' dir='ltr'>ecclesias.</span> <span class='ocrx_word' id='word_1_121' title='bbox 656 1614 735 1675; x_wconf 83' lang='lat' dir='ltr'>Hujus</span> <span class='ocrx_word' id='word_1_122' title='bbox 752 1615 890 1663; x_wconf 74' lang='lat' dir='ltr'>oraim-fides</span> <span class='ocrx_word' id='word_1_123' title='bbox 908 1632 949 1664; x_wconf 87' lang='lat' dir='ltr'>ac-</span> 
     </span>
     <span class='ocr_line' id='line_1_18' title="bbox 122 1700 950 1762; baseline 0.002 -16"><span class='ocrx_word' id='word_1_124' title='bbox 122 1702 174 1747; x_wconf 89' lang='lat' dir='ltr'>tiva</span> <span class='ocrx_word' id='word_1_125' title='bbox 189 1702 269 1762; x_wconf 78' lang='lat' dir='ltr'>magis</span> <span class='ocrx_word' id='word_1_126' title='bbox 286 1705 393 1760; x_wconf 82' lang='lat' dir='ltr'>apparet</span> <span class='ocrx_word' id='word_1_127' title='bbox 412 1715 442 1745; x_wconf 84' lang='lat' dir='ltr'>ac</span> <span class='ocrx_word' id='word_1_128' title='bbox 466 1701 590 1761; x_wconf 88' lang='lat' dir='ltr'>practica:</span> <span class='ocrx_word' id='word_1_129' title='bbox 606 1700 671 1747; x_wconf 90' lang='lat' dir='ltr'>illius</span> <span class='ocrx_word' id='word_1_130' title='bbox 687 1701 827 1746; x_wconf 87' lang='lat' dir='ltr'>theoretica</span> <span class='ocrx_word' id='word_1_131' title='bbox 849 1709 874 1747; x_wconf 89' lang='lat' dir='ltr'>et</span> <span class='ocrx_word' id='word_1_132' title='bbox 890 1716 950 1748; x_wconf 85' lang='lat' dir='ltr'>con—</span> 
     </span>
     <span class='ocr_line' id='line_1_19' title="bbox 123 1785 950 1849; baseline 0.004 -16"><span class='ocrx_word' id='word_1_133' title='bbox 123 1786 273 1849; x_wconf 87' lang='lat' dir='ltr'>templativa.</span> <span class='ocrx_word' id='word_1_134' title='bbox 307 1787 392 1840; x_wconf 85' lang='lat' dir='ltr'>Quare</span> <span class='ocrx_word' id='word_1_135' title='bbox 414 1802 486 1847; x_wconf 86' lang='lat' dir='ltr'>quum</span> <span class='ocrx_word' id='word_1_136' title='bbox 507 1785 618 1847; x_wconf 82' lang='lat' dir='ltr'>epistolis</span> <span class='ocrx_word' id='word_1_137' title='bbox 638 1786 669 1832; x_wconf 88' lang='lat' dir='ltr'>ad</span> <span class='ocrx_word' id='word_1_138' title='bbox 687 1786 815 1834; x_wconf 88' lang='lat' dir='ltr'>Romanos</span> <span class='ocrx_word' id='word_1_139' title='bbox 831 1797 856 1834; x_wconf 89' lang='lat' dir='ltr'>et</span> <span class='ocrx_word' id='word_1_140' title='bbox 873 1789 950 1835; x_wconf 81' lang='lat' dir='ltr'>Gala-</span> 
     </span>
     <span class='ocr_line' id='line_1_20' title="bbox 122 1872 950 1936; baseline 0.002 -16"><span class='ocrx_word' id='word_1_141' title='bbox 122 1882 161 1920; x_wconf 90' lang='lat' dir='ltr'>tas</span> <span class='ocrx_word' id='word_1_142' title='bbox 178 1874 325 1936; x_wconf 84' lang='lat' dir='ltr'>praesertim</span> <span class='ocrx_word' id='word_1_143' title='bbox 340 1874 546 1920; x_wconf 86' lang='lat' dir='ltr'>dernoustraverit</span> <span class='ocrx_word' id='word_1_144' title='bbox 555 1872 694 1933; x_wconf 77' lang='lat' dir='ltr'>apostolus,</span> <span class='ocrx_word' id='word_1_145' title='bbox 711 1875 833 1934; x_wconf 87' lang='lat' dir='ltr'>quomodo</span> <span class='ocrx_word' id='word_1_146' title='bbox 844 1872 950 1922; x_wconf 84' lang='lat' dir='ltr'>divinum</span> 
     </span>
     <span class='ocr_line' id='line_1_21' title="bbox 123 1957 949 2022; baseline 0.001 -15"><span class='ocrx_word' id='word_1_147' title='bbox 123 1975 210 2007; x_wconf 86' lang='lat' dir='ltr'>semen</span> <span class='ocrx_word' id='word_1_148' title='bbox 228 1961 319 2007; x_wconf 88' lang='lat' dir='ltr'>satoris</span> <span class='ocrx_word' id='word_1_149' title='bbox 338 1960 429 2022; x_wconf 80' lang='lat' dir='ltr'>Clu-isti</span> <span class='ocrx_word' id='word_1_150' title='bbox 451 1975 466 2006; x_wconf 83' lang='lat' dir='ltr'>a</span> <span class='ocrx_word' id='word_1_151' title='bbox 485 1959 604 2019; x_wconf 86' lang='lat' dir='ltr'>Judaico&#39;,</span> <span class='ocrx_word' id='word_1_152' title='bbox 627 1957 731 2021; x_wconf 79' lang='lat' dir='ltr'>utraque</span> <span class='ocrx_word' id='word_1_153' title='bbox 754 1959 787 2005; x_wconf 89' lang='lat' dir='ltr'>ad</span> <span class='ocrx_word' id='word_1_154' title='bbox 807 1959 949 2008; x_wconf 81' lang='lat' dir='ltr'>Corinthios</span> 
     </span>
     <span class='ocr_line' id='line_1_22' title="bbox 125 2044 950 2107; baseline 0.002 -15"><span class='ocrx_word' id='word_1_155' title='bbox 125 2045 243 2106; x_wconf 79' lang='lat' dir='ltr'>epistola,</span> <span class='ocrx_word' id='word_1_156' title='bbox 264 2048 387 2107; x_wconf 86' lang='lat' dir='ltr'>quomodo</span> <span class='ocrx_word' id='word_1_157' title='bbox 408 2060 494 2099; x_wconf 88' lang='lat' dir='ltr'>semen</span> <span class='ocrx_word' id='word_1_158' title='bbox 513 2044 571 2090; x_wconf 89' lang='lat' dir='ltr'>illud</span> <span class='ocrx_word' id='word_1_159' title='bbox 590 2045 622 2091; x_wconf 92' lang='lat' dir='ltr'>ab</span> <span class='ocrx_word' id='word_1_160' title='bbox 643 2046 742 2093; x_wconf 85' lang='lat' dir='ltr'>ethnico</span> <span class='ocrx_word' id='word_1_161' title='bbox 759 2061 820 2107; x_wconf 83' lang='lat' dir='ltr'>agro</span> <span class='ocrx_word' id='word_1_162' title='bbox 839 2048 871 2093; x_wconf 88' lang='lat' dir='ltr'>sit</span> <span class='ocrx_word' id='word_1_163' title='bbox 886 2049 950 2094; x_wconf 86' lang='lat' dir='ltr'>reoi-</span> 
     </span>
     <span class='ocr_line' id='line_1_23' title="bbox 123 2129 950 2193; baseline 0.004 -15"><span class='ocrx_word' id='word_1_164' title='bbox 123 2133 252 2193; x_wconf 87' lang='lat' dir='ltr'>piendum:</span> <span class='ocrx_word' id='word_1_165' title='bbox 270 2133 381 2193; x_wconf 87' lang='lat' dir='ltr'>epistolis</span> <span class='ocrx_word' id='word_1_166' title='bbox 400 2133 432 2191; x_wconf 85' lang='lat' dir='ltr'>ad</span> <span class='ocrx_word' id='word_1_167' title='bbox 441 2132 567 2193; x_wconf 87' lang='lat' dir='ltr'>Ephesios</span> <span class='ocrx_word' id='word_1_168' title='bbox 583 2139 607 2177; x_wconf 89' lang='lat' dir='ltr'>et</span> <span class='ocrx_word' id='word_1_169' title='bbox 616 2129 780 2178; x_wconf 77' lang='lat' dir='ltr'>colossenses</span> <span class='ocrx_word' id='word_1_170' title='bbox 796 2132 950 2191; x_wconf 90' lang='lat' dir='ltr'>potissimum</span> 
     </span>
     <span class='ocr_line' id='line_1_24' title="bbox 123 2217 950 2281; baseline 0.004 -18"><span class='ocrx_word' id='word_1_171' title='bbox 123 2220 218 2279; x_wconf 82' lang='lat' dir='ltr'>gratias</span> <span class='ocrx_word' id='word_1_172' title='bbox 234 2219 285 2279; x_wconf 80' lang='lat' dir='ltr'>agit</span> <span class='ocrx_word' id='word_1_173' title='bbox 300 2219 355 2266; x_wconf 91' lang='lat' dir='ltr'>Deo</span> <span class='ocrx_word' id='word_1_174' title='bbox 375 2220 406 2265; x_wconf 88' lang='lat' dir='ltr'>de</span> <span class='ocrx_word' id='word_1_175' title='bbox 422 2234 465 2274; x_wconf 84' lang='lat' dir='ltr'>ea,</span> <span class='ocrx_word' id='word_1_176' title='bbox 482 2219 612 2280; x_wconf 84' lang='lat' dir='ltr'>quaejam</span> <span class='ocrx_word' id='word_1_177' title='bbox 629 2217 740 2278; x_wconf 84' lang='lat' dir='ltr'>conspici</span> <span class='ocrx_word' id='word_1_178' title='bbox 756 2220 850 2279; x_wconf 85' lang='lat' dir='ltr'>possit,</span> <span class='ocrx_word' id='word_1_179' title='bbox 867 2220 950 2281; x_wconf 79' lang='lat' dir='ltr'>singo-</span> 
     </span>
     <span class='ocr_line' id='line_1_25' title="bbox 122 2303 951 2371; baseline 0.004 -22"><span class='ocrx_word' id='word_1_180' title='bbox 122 2303 170 2350; x_wconf 85' lang='lat' dir='ltr'>lari</span> <span class='ocrx_word' id='word_1_181' title='bbox 194 2305 294 2351; x_wconf 88' lang='lat' dir='ltr'>seminis</span> <span class='ocrx_word' id='word_1_182' title='bbox 316 2306 523 2371; x_wconf 68' lang='lat' dir='ltr'>virtute3&#39;deque</span> <span class='ocrx_word' id='word_1_183' title='bbox 549 2304 627 2365; x_wconf 89' lang='lat' dir='ltr'>ipsius</span> <span class='ocrx_word' id='word_1_184' title='bbox 649 2304 696 2350; x_wconf 79' lang='lat' dir='ltr'>bei</span> <span class='ocrx_word' id='word_1_185' title='bbox 727 2305 840 2365; x_wconf 79' lang='lat' dir='ltr'>augentis</span> <span class='ocrx_word' id='word_1_186' title='bbox 871 2306 951 2366; x_wconf 76' lang='lat' dir='ltr'>gratia</span> 
     </span>
     <span class='ocr_line' id='line_1_26' title="bbox 124 2388 1018 2454; baseline 0.004 -20"><span class='ocrx_word' id='word_1_187' title='bbox 124 2404 155 2435; x_wconf 88' lang='lat' dir='ltr'>ac</span> <span class='ocrx_word' id='word_1_188' title='bbox 173 2391 204 2435; x_wconf 90' lang='lat' dir='ltr'>de</span> <span class='ocrx_word' id='word_1_189' title='bbox 222 2391 276 2450; x_wconf 78' lang='lat' dir='ltr'>agri</span> <span class='ocrx_word' id='word_1_190' title='bbox 291 2391 443 2437; x_wconf 75' lang='lat' dir='ltr'>ludaeorum</span> <span class='ocrx_word' id='word_1_191' title='bbox 460 2399 484 2437; x_wconf 85' lang='lat' dir='ltr'>et</span> <span class='ocrx_word' id='word_1_192' title='bbox 507 2391 660 2436; x_wconf 88' lang='lat' dir='ltr'>ethnicorum</span> <span class='ocrx_word' id='word_1_193' title='bbox 678 2388 796 2434; x_wconf 87' lang='lat' dir='ltr'>laudabili</span> <span class='ocrx_word' id='word_1_194' title='bbox 815 2389 950 2441; x_wconf 77' lang='lat' dir='ltr'>fertilitate.</span> <span class='ocrx_word' id='word_1_195' title='bbox 1017 2435 1018 2454; x_wconf 20' lang='grc' dir='ltr'>ἢ</span> 
     </span>
    </p>
   </div>
   <div class='ocr_carea' id='block_1_3' title="bbox 122 2474 1018 2538">
    <p class='ocr_par' dir='ltr' id='par_1_3' title="bbox 122 2474 1018 2538">
     <span class='ocr_line' id='line_1_27' title="bbox 122 2474 1018 2538; baseline 0.004 -18"><span class='ocrx_word' id='word_1_196' title='bbox 122 2475 206 2522; x_wconf 84' lang='lat' dir='ltr'>Minus</span> <span class='ocrx_word' id='word_1_197' title='bbox 218 2477 272 2537; x_wconf 73' lang='lat' dir='ltr'>J‘am</span> <span class='ocrx_word' id='word_1_198' title='bbox 288 2477 384 2538; x_wconf 80' lang='lat' dir='ltr'>quaerit</span> <span class='ocrx_word' id='word_1_199' title='bbox 401 2474 537 2536; x_wconf 83' lang='lat' dir='ltr'>apostolus,</span> <span class='ocrx_word' id='word_1_200' title='bbox 553 2490 617 2536; x_wconf 87' lang='lat' dir='ltr'>quae</span> <span class='ocrx_word' id='word_1_201' title='bbox 633 2474 747 2531; x_wconf 77' lang='lat' dir='ltr'>ludaeis,</span> <span class='ocrx_word' id='word_1_202' title='bbox 764 2490 828 2536; x_wconf 90' lang='lat' dir='ltr'>quae</span> <span class='ocrx_word' id='word_1_203' title='bbox 839 2475 951 2524; x_wconf 81' lang='lat' dir='ltr'>.-etlmicis</span> <span class='ocrx_word' id='word_1_204' title='bbox 1017 2502 1018 2512; x_wconf 48' lang='lat'>³</span> 
     </span>
    </p>
   </div>
   <div class='ocr_carea' id='block_1_4' title="bbox 120 2551 1015 3143">
    <p class='ocr_par' dir='ltr' id='par_1_4' title="bbox 120 2551 1015 3143">
     <span class='ocr_line' id='line_1_28' title="bbox 125 2551 1015 2624; baseline 0.003 -17"><span class='ocrx_word' id='word_1_205' title='bbox 125 2563 252 2624; x_wconf 79' lang='lat' dir='ltr'>credenda</span> <span class='ocrx_word' id='word_1_206' title='bbox 269 2575 343 2624; x_wconf 83' lang='lat' dir='ltr'>atque</span> <span class='ocrx_word' id='word_1_207' title='bbox 360 2564 458 2622; x_wconf 81' lang='lat' dir='ltr'>agenda</span> <span class='ocrx_word' id='word_1_208' title='bbox 475 2563 531 2621; x_wconf 88' lang='lat' dir='ltr'>sint,</span> <span class='ocrx_word' id='word_1_209' title='bbox 547 2570 574 2608; x_wconf 88' lang='lat' dir='ltr'>ut</span> <span class='ocrx_word' id='word_1_210' title='bbox 580 2561 701 2623; x_wconf 82' lang='lat' dir='ltr'>justitiam</span> <span class='ocrx_word' id='word_1_211' title='bbox 716 2570 901 2624; x_wconf 83' lang='lat' dir='ltr'>cousequantur</span> <span class='ocrx_word' id='word_1_212' title='bbox 910 2579 951 2610; x_wconf 89' lang='lat' dir='ltr'>co·</span> <span class='ocrx_word' id='word_1_213' title='bbox 1014 2551 1015 2555; x_wconf 10' lang='grc' dir='ltr'><strong>Ἰ</strong></span> 
     </span>
     <span class='ocr_line' id='line_1_29' title="bbox 123 2643 951 2711; baseline 0.002 -18"><span class='ocrx_word' id='word_1_214' title='bbox 123 2663 177 2693; x_wconf 85' lang='lat' dir='ltr'>ram</span> <span class='ocrx_word' id='word_1_215' title='bbox 193 2648 260 2705; x_wconf 81' lang='lat' dir='ltr'>Deo,</span> <span class='ocrx_word' id='word_1_216' title='bbox 278 2664 351 2710; x_wconf 86' lang='lat' dir='ltr'>quam</span> <span class='ocrx_word' id='word_1_217' title='bbox 371 2657 454 2695; x_wconf 83' lang='lat' dir='ltr'>urente</span> <span class='ocrx_word' id='word_1_218' title='bbox 474 2650 597 2711; x_wconf 87' lang='lat' dir='ltr'>percurrit</span> <span class='ocrx_word' id='word_1_219' title='bbox 611 2643 707 2709; x_wconf 42' lang='lat' dir='ltr'>&#39;magua</span> <span class='ocrx_word' id='word_1_220' title='bbox 722 2647 770 2694; x_wconf 89' lang='lat' dir='ltr'>Dei</span> <span class='ocrx_word' id='word_1_221' title='bbox 791 2650 910 2710; x_wconf 85' lang='lat' dir='ltr'>mysteria</span> <span class='ocrx_word' id='word_1_222' title='bbox 926 2658 951 2697; x_wconf 88' lang='lat' dir='ltr'>et</span> 
     </span>
     <span class='ocr_line' id='line_1_30' title="bbox 123 2734 951 2796; baseline 0.005 -18"><span class='ocrx_word' id='word_1_223' title='bbox 123 2734 322 2793; x_wconf 82' lang='lat' dir='ltr'>inexplicabilem</span> <span class='ocrx_word' id='word_1_224' title='bbox 337 2736 383 2782; x_wconf 86' lang='lat' dir='ltr'>Dei</span> <span class='ocrx_word' id='word_1_225' title='bbox 400 2737 560 2796; x_wconf 83' lang='lat' dir='ltr'>sapientiam,</span> <span class='ocrx_word' id='word_1_226' title='bbox 578 2750 641 2796; x_wconf 89' lang='lat' dir='ltr'>quae</span> <span class='ocrx_word' id='word_1_227' title='bbox 654 2735 814 2796; x_wconf 79' lang='lat' dir='ltr'>intergeriuo,</span> <span class='ocrx_word' id='word_1_228' title='bbox 831 2736 872 2795; x_wconf 91' lang='lat' dir='ltr'>qui</span> <span class='ocrx_word' id='word_1_229' title='bbox 887 2736 951 2782; x_wconf 89' lang='lat' dir='ltr'>inter</span> 
     </span>
     <span class='ocr_line' id='line_1_31' title="bbox 123 2806 950 2881; baseline 0.007 -17"><span class='ocrx_word' id='word_1_230' title='bbox 123 2806 280 2880; x_wconf 86' lang='lat' dir='ltr'>praeputium</span> <span class='ocrx_word' id='word_1_231' title='bbox 299 2821 389 2868; x_wconf 79' lang='lat' dir='ltr'>fuisset</span> <span class='ocrx_word' id='word_1_232' title='bbox 413 2830 439 2868; x_wconf 87' lang='lat' dir='ltr'>et</span> <span class='ocrx_word' id='word_1_233' title='bbox 460 2822 685 2878; x_wconf 78' lang='lat' dir='ltr'>circumcisionem,</span> <span class='ocrx_word' id='word_1_234' title='bbox 705 2821 835 2881; x_wconf 88' lang='lat' dir='ltr'>sepimenti</span> <span class='ocrx_word' id='word_1_235' title='bbox 854 2823 950 2881; x_wconf 87' lang='lat' dir='ltr'>pariete</span> 
     </span>
     <span class='ocr_line' id='line_1_32' title="bbox 125 2891 972 2971; baseline 0.006 -19"><span class='ocrx_word' id='word_1_236' title='bbox 125 2891 260 2963; x_wconf 79' lang='lat' dir='ltr'>destructo,</span> <span class='ocrx_word' id='word_1_237' title='bbox 277 2915 301 2953; x_wconf 89' lang='lat' dir='ltr'>et</span> <span class='ocrx_word' id='word_1_238' title='bbox 316 2907 436 2966; x_wconf 78' lang='lat' dir='ltr'>ludaeos,</span> <span class='ocrx_word' id='word_1_239' title='bbox 453 2909 588 2969; x_wconf 84' lang='lat' dir='ltr'>participes</span> <span class='ocrx_word' id='word_1_240' title='bbox 604 2910 795 2968; x_wconf 88' lang='lat' dir='ltr'>promissionum</span> <span class='ocrx_word' id='word_1_241' title='bbox 813 2914 837 2954; x_wconf 86' lang='lat' dir='ltr'>et</span> <span class='ocrx_word' id='word_1_242' title='bbox 853 2919 949 2971; x_wconf 80' lang='lat' dir='ltr'>gentes,</span> <span class='ocrx_word' id='word_1_243' title='bbox 969 2935 972 2938; x_wconf 92' lang='lat'>·</span> 
     </span>
     <span class='ocr_line' id='line_1_33' title="bbox 123 2988 949 3055; baseline 0.002 -16"><span class='ocrx_word' id='word_1_244' title='bbox 123 2994 154 3039; x_wconf 90' lang='lat' dir='ltr'>ab</span> <span class='ocrx_word' id='word_1_245' title='bbox 171 2992 338 3040; x_wconf 78' lang='lat' dir='ltr'>israelitarum</span> <span class='ocrx_word' id='word_1_246' title='bbox 356 2996 454 3042; x_wconf 84' lang='lat' dir='ltr'>civitate</span> <span class='ocrx_word' id='word_1_247' title='bbox 467 2995 602 3054; x_wconf 84' lang='lat' dir='ltr'>alienatas,</span> <span class='ocrx_word' id='word_1_248' title='bbox 618 2994 644 3039; x_wconf 92' lang='lat' dir='ltr'>in</span> <span class='ocrx_word' id='word_1_249' title='bbox 660 3009 709 3040; x_wconf 86' lang='lat' dir='ltr'>uuo</span> <span class='ocrx_word' id='word_1_250' title='bbox 726 2988 837 3055; x_wconf 86' lang='lat' dir='ltr'>corpore</span> <span class='ocrx_word' id='word_1_251' title='bbox 850 3010 904 3042; x_wconf 87' lang='lat' dir='ltr'>cum</span> <span class='ocrx_word' id='word_1_252' title='bbox 920 3010 949 3041; x_wconf 88' lang='lat' dir='ltr'>se</span> 
     </span>
     <span class='ocr_line' id='line_1_34' title="bbox 120 3070 949 3143; baseline 0.004 -18"><span class='ocrx_word' id='word_1_253' title='bbox 120 3080 178 3141; x_wconf 87' lang='lat' dir='ltr'>ipso</span> <span class='ocrx_word' id='word_1_254' title='bbox 187 3078 396 3127; x_wconf 86' lang='lat' dir='ltr'>reconciliaverit.</span> <span class='ocrx_word' id='word_1_255' title='bbox 431 3081 513 3141; x_wconf 85' lang='lat' dir='ltr'>Atque</span> <span class='ocrx_word' id='word_1_256' title='bbox 528 3082 610 3141; x_wconf 84' lang='lat' dir='ltr'>ipsum</span> <span class='ocrx_word' id='word_1_257' title='bbox 622 3094 743 3141; x_wconf 89' lang='lat' dir='ltr'>prospere</span> <span class='ocrx_word' id='word_1_258' title='bbox 760 3070 885 3143; x_wconf 79' lang='lat' dir='ltr'>evangelii</span> <span class='ocrx_word' id='word_1_259' title='bbox 900 3095 949 3128; x_wconf 87' lang='lat' dir='ltr'>ma-</span> 
     </span>
    </p>
   </div>
   <div class='ocr_carea' id='block_1_5' title="bbox 0 0 1026 3500">
    <p class='ocr_par' dir='ltr' id='par_1_5' title="bbox 0 0 1026 3500">
     <span class='ocr_line' id='line_1_35' title="bbox 0 0 1026 3500; baseline 0 0"><span class='ocrx_word' id='word_1_260' title='bbox 0 0 1026 3500; x_wconf 95' lang='lat' dir='ltr'> </span> 
     </span>
    </p>
   </div>
   <div class='ocr_carea' id='block_1_6' title="bbox 1015 2469 1020 3075">
    <p class='ocr_par' dir='ltr' id='par_1_6' title="bbox 1015 2469 1020 3075">
     <span class='ocr_line' id='line_1_36' title="bbox 1015 2469 1020 3075; baseline 0 0"><span class='ocrx_word' id='word_1_261' title='bbox 1015 2469 1020 3075; x_wconf 95' lang='lat' dir='ltr'> </span> 
     </span>
    </p>
   </div>
  </div>
 </body>
</html>
