2035 3500
152 140 188 193 28

152 289 276 349 Pleroma,
289 307 319 338 ex
328 309 376 355 quo
385 297 487 352 propter
494 288 656 350 impetuosam
663 290 737 353 Bythi
746 291 916 353 cognoscendi
924 290 975 338 lihi-

154 380 233 424 dinem
245 380 275 423 -in
293 377 401 424 Cenoma
422 384 490 422 esset
507 378 687 438 praecipitata,
714 388 788 438 atque
804 388 831 426 ut
848 395 903 425 cunr
922 377 975 426 Sal-

151 471 238 516 vatore
249 464 363 522 cormubii
373 460 470 506 vinculo
489 471 662 519 connectatur,
679 464 852 527 spiritalesque
862 464 974 522 homines

152 565 209 596 cum
225 550 319 611 angelis
337 547 475 594 Salvatoris
492 549 645 595 matrimonia
658 552 750 597 ineant.
772 551 853 612 Atque
870 531 975 594 similem

153 637 276 697 quamlam
292 633 398 678 fabulam
419 634 449 679 de
466 633 561 692 Sophia
580 643 604 679 et
622 635 873 696 angelisSalvatoris
890 648 975 680 narra·
1010 647 1012 650 ’

152 731 201 767 tam
225 718 411 779 essevepistola
437 719 468 763 ad
489 718 627 778 Ephesios,
653 720 736 767 Banro
757 736 904 781 persuasum
919 726 973 765 est.
1010 741 1013 785 3

152 808 274 867 Opinatur
289 806 352 852 euim
365 800 574 865 dispensationem
592 809 714 867 mysterii,
733 822 806 868 quam
823 813 910 852 auctor
924 806 975 864 epi·
1010 788 1013 813 ³

153 893 233 940 stolae
250 894 281 940 ad
297 891 478 954 Ephesios379
494 895 736 952 commemoraverit,
754 909 812 941 esse
829 907 891 948 eant,
909 878 975 954 quod

152 984 257 1028 rnundus
276 998 331 1028 eum
347 982 371 1027 in
388 980 460 1027 finem
478 988 577 1028 creatus
594 981 639 1038 sit,
666 991 692 1029 ut
719 1014 735 1039 7„
744 981 819 1043 σοφία
840 979 882 1027 τοῦ
897 978 976 1035 θεοῖν(
1012 1041 1013 1044 ¹

152 1085 167 1130 a
184 1069 348 1115 dominatibus
365 1067 515 1114 coelestibus
530 1084 576 1129 per
594 1069 724 1118 ecclesiam
735 1076 909 1130 cognoscatur.
926 1068 975 1114 So-

151 1157 200 1203 lam
216 1157 289 1218 igitur
304 1155 368 1211 inter
383 1153 497 1215 placitum
520 1154 580 1201 illud
599 1156 828 1202 Valentinianorum
840 1166 864 1201 et
882 1142 975 1202 doctri·
1012 1217 1014 1219 v

152 1258 210 1292 nam
229 1243 349 1304 epistolae
367 1241 534 1302 adEphesios
553 1243 795 1300 essedifferentiam,
812 1242 975 1303 quodquam

152 1331 289 1375 secundum
316 1328 382 1374 hanc
404 1343 454 1374 non
475 1328 570 1388 Sophia
595 1330 640 1374 sed
666 1329 774 1375 ecelesia
801 1344 862 1374 cum·
877 1327 975 1374 Christo

152 1409 273 1461 Connubii
289 1413 386 1460 viuculo
403 1415 535 1475 conjuncta
551 1417 596 1474 sit,
621 1415 715 1474 Sophia
731 1429 886 1461 nonrevcra
902 1415 975 1460 redu·

153 1509 223 1549 catur
234 1502 257 1546 in
270 1500 382 1546 Pleroma
392 1500 515 1560 Aeonum,
524 1515 609 1546 rerum
626 1503 707 1561 patius
719 1510 886 1560 cognoscatur
892 1508 982 1547 mente
1012 1487 1018 1555 32

151 1589 272 1635 ,hennum
296 1587 375 1639 Quum
387 1585 513 1646 Sapientia
530 1587 766 1647 autemDeivquae7
782 1571 806 1632 in
824 1603 854 1633 eo
869 1588 975 1633 maxime

153 1769 177 1807 et
192 1760 316 1807 ecclesiae
325 1793 332 1816 ,
351 1766 519 1819 cognoscatur
537 1773 552 1803 a
563 1758 712 1806 coelestibus
726 1760 904 1820 potestatibus:
919 1762 976 1821 ipsa
1012 1754 1015 1787 ³

152 1849 263 1904 ecclesia
285 1847 352 1892 unita
372 1849 426 1892 cum
444 1845 574 1893 Salvatore
591 1847 715 1907 objectum
733 1861 791 1893 esse
812 1854 886 1907 atque
904 1861 975 1893 caus·
1013 1863 1016 1914 ᾗ

152 1950 205 1980 sam
224 1935 299 1996 hujus
327 1933 487 1994 cognitionis,
520 1934 621 1980 criticus
646 1934 812 1987 detnonstrat„
838 1933 921 1994 Atque
941 1934 976 1979 ita

152 2004 225 2066 finem
251 2018 398 2075 creationis,
430 2034 503 2079 quem
520 2018 590 2065 Deus
612 2020 637 2064 in
662 2020 826 2078 procreandis
847 1997 975 2066 Aeonihus
1014 2078 1015 2081 Ἰ

152 2105 245 2167 (,,κατὰ
261 2106 377 2169 πρόῇξσιν
394 2106 440 2151 τῶν
455 2105 573 2152 ἅιώνωνι(
589 2104 654 2165 Epll.
672 2105 700 2160 3,
717 2105 757 2162 ll)
777 2105 823 2150 sibi
838 2120 975 2165 pt‘oposue·
1014 2144 1015 2154 2

150 2194 194 2250 rit,
228 2191 313 2254 etqui
333 2192 358 2236 in
376 2190 475 2237 Christo
494 2191 627 2251 conjuncto
645 2206 699 2236 cum
721 2190 832 2236 ecclesia
846 2192 975 2238 absolutus

151 2281 183 2327 sit
201 2280 268 2340 quod
284 2280 315 2324 ad
331 2296 383 2325 rem
400 2279 518 2334 utineam
532 2278 556 2324 in
575 2264 752 2338 cognoscendo
764 2278 823 2337 „ipso
840 2276 889 2323 fine
905 2293 975 2324 crea·

139 2360 227 2432 'tionis‘
248 2380 262 2409 a
286 2360 436 2410 coelestibus
466 2365 656 2422 (loririnatibusp
674 2372 798 2424 tamquam
821 2365 853 2408 ad
874 2365 976 2412 Aeones

155 2452 208 2498 sire
223 2452 293 2497 ideas
310 2450 357 2496 Dei
373 2451 515 2497 revertisse.

215 2538 294 2591 Quam
311 2537 387 2584 Bauri
403 2545 429 2583 ut
446 2538 586 2598 opinionem
604 2537 764 2599 dijudicemus
781 2537 814 2582 ad
829 2536 885 2597 ipsa
898 2521 977 2583 verba

154 2625 261 2684 apostoli
282 2625 328 2670 erit
349 2625 422 2671 nobis
439 2624 606 2681 redeundum,
641 2632 665 2670 et
686 2624 795 2670 orandus
813 2624 924 2679 criticus,
951 2631 978 2668 ut
1013 2611 1016 2657 Ᾰ

155 2711 185 2754 de
206 2711 319 2757 Aeonum
341 2710 419 2757 scails
445 2712 477 2756 ad
499 2718 596 2770 tempus
618 2711 755 2757 descendat
776 2718 849 2769 atque
871 2709 904 2752 ad
920 2724 978 2770 psy7
1014 2697 1016 2708 ³

155 2797 249 2843 chicam
266 2797 445 2858 interpretandi
460 2797 581 2842 rationem
592 2797 722 2843 nobiscum
731 2811 789 2842 sese
799 2795 978 2842 accommodet.

215 2884 329 2930 Affirmat
356 2890 437 2929 autem
462 2862 590 2944 apostolus
612 2882 690 2928 altero
712 2882 811 2945 dimidio
831 2881 978 2942 capitisse-

154 2972 230 3019 crtndi
250 2971 371 3031 epistolae
399 2972 430 3017 ad
450 2971 587 3032 Ephesios,
621 2969 691 3028 ipsos
707 2967 833 3028 Ephesios
851 2969 979 3031 quondam
1015 2954 1016 2967 ³

152 3067 242 3122 gentes
267 3058 292 3103 in
314 3072 399 3103 carne·
411 3065 435 3103 et
453 3065 601 3112 extraneos,
623 3056 690 3116 quod
710 3056 811 3103 attineat
827 3054 979 3108 auvfoedera
1015 3046 1016 3050 ¹
