2035 3500
64 1136 247 1232 In‘eeelesia
272 1182 430 1245 evangelica,
462 1198 526 1245 quae
543 1197 574 1229 eo
591 1170 710 1239 maxime,
735 1182 801 1242 qnod
820 1183 892 1231 Pauli

24 1331 27 1334 Δ
66 1272 173 1332 apostoli
188 1271 316 1333 proprium
330 1278 381 1329 est,
399 1269 521 1331 evangelii
537 1269 652 1316 tradendi
668 1283 762 1328 genere
779 1285 810 1317 ex
832 1287 891 1333 ope-

65 1352 123 1404 lunt
137 1359 273 1405 otiosorum
288 1357 435 1418 gloriatione
452 1356 566 1418 regenita
582 1355 613 1402 sit
630 1370 661 1401 ac
677 1365 808 1413 renovata,
824 1354 892 1407 haud

66 1444 152 1491 mirum
176 1444 315 1500 videbitur,
340 1443 460 1505 epistolas
481 1444 512 1491 ab
537 1443 623 1490 eodem
651 1442 809 1503 conscriptas
832 1460 891 1508 apo·

65 1531 131 1579 stolo
144 1547 206 1593 prae
221 1531 313 1586 ueteris
325 1531 356 1578 N.
369 1531 398 1578 Τ.
413 1531 482 1578 libris
498 1531 523 1576 in
536 1532 632 1577 summo
646 1529 725 1576 fuisse
744 1528 840 1579 honore
860 1549 891 1582 ac

67 1619 193 1680 dignitate.
225 1618 314 1679 Neque
337 1626 432 1675 tamen,
455 1617 496 1679 qui
516 1615 761 1678 interEvangelioos
783 1622 892 1682 exegeti-

67 1721 113 1752 cae
122 1714 146 1753 et
156 1706 312 1768 dogmaticae
330 1704 476 1766 disciplinae
493 1705 596 1764 operam
603 1712 765 1762 navaverunt,
782 1706 893 1769 theologi

67 1792 121 1853 pari
138 1807 223 1839 omnes
241 1792 311 1839 Pauli
328 1792 448 1854 epistolas
470 1791 552 1839 studio
569 1799 643 1853 atque
660 1807 745 1838 amore
761 1802 820 1840 sunt
837 1809 891 1843 am-

65 1878 141 1938 plexi.
166 1879 229 1925 Nam
246 1895 319 1940 quum
337 1881 401 1925 inter·
418 1879 588 1937 evangelicam
606 1879 740 1924 ecelesiam
757 1888 893 1941 atqueca-

67 1964 184 2010 tholioam
204 1965 284 2011 minor
305 1972 374 2010 esset
393 1964 517 2011 dissensio
535 1965 566 2011 de
585 1964 616 2010 iis
632 1964 801 2029 dogmatibus,
829 1983 893 2029 quae

5 2050 8 2089 Ῑ
67 2050 100 2096 ad
117 2049 278 2109 Theologiam
301 2058 417 2111 spectent
441 2059 465 2099 et
486 2050 689 2111 Christologiam,
717 2067 790 2113 quam
808 2055 839 2101 de
855 2056 893 2114 iis,

67 2153 172 2198 qnorum
198 2125 406 2198 anthropologica
425 2145 514 2182 natura
535 2138 568 2182 sit
586 2150 618 2181 ac
634 2137 825 2199 soteriologica:
858 2144 892 2188 ad

68 2238 112 2269 eas
129 2224 263 2285 praecipue
281 2222 401 2282 epistolas
418 2236 432 2268 a
448 2222 526 2269 Paulo
542 2221 656 2283 apostolo
673 2232 825 2284 conceptas,
843 2243 893 2274 om-

67 2324 124 2355 nem
139 2309 193 2355 fere
209 2308 319 2370 theologi
340 2324 372 2355 ex
385 2309 584 2356 Protestantibus
606 2323 709 2369 operam
728 2311 894 2375 contulerunt,

68 2404 171 2462 quarunt
186 2396 211 2443 in
227 2396 266 2443 his
283 2396 437 2457 potissimum
454 2396 564 2444 materiis
579 2404 696 2443 versatur
715 2406 895 2457 argumentum.

68 2484 152 2537 Quare
168 2484 210 2530 ubi
227 2484 349 2546 epistolae
367 2482 436 2530 Pauli
450 2467 483 2530 ad
498 2483 640 2547 Romanos,
663 2482 779 2557 (ialatas,
804 2484 895 2532 Corin-

68 2570 134 2617 thios
149 2572 174 2617 in
190 2577 277 2618 nostra
294 2571 402 2617 ecelesia
415 2572 524 2632 priorem
538 2577 654 2632 tanquam
669 2560 751 2641 licum
763 2577 896 2619 tenuerunt

68 2663 142 2717 atque
164 2656 286 2703 ordinem:
318 2647 517 2719 in'explieandis
536 2656 647 2719 epistolis
667 2651 699 2721 afd
719 2656 845 2717 Ephesios
872 2667 897 2706 et

70 2741 251 2800 colossenses,
273 2744 361 2805 quibus
380 2760 476 2792 summa
494 2746 630 2805 praecipue
646 2725 681 2802 del
696 2741 789 2791 Christi
806 2729 897 2793 natura

69 2830 189 2888 mysteria
206 2830 318 2878 revelata
338 2831 398 2878 sint:
428 2830 496 2877 haud
516 2831 569 2879 seio
588 2846 619 2878 an
639 2822 728 2893 paffrum
751 2829 846 2879 laboris
865 2817 896 2880 ac

70 2915 144 2961 studii
163 2917 313 2965 collocatum
330 2918 368 2966 sit.
483 2969 488 2977 4

134 3002 214 3069 Quum
233 3021 296 3052 vero
317 3004 472 3053 conscientia
491 3001 617 3051 eeclesiae
638 2991 821 3075 qtiodammodo
838 3004 897 3054 alie-

70 3095 130 3136 nata
143 3089 270 3139 videretur
291 3106 323 3138 ao
340 3092 474 3141 earundem
492 3092 653 3155 epistolarum
662 3083 758 3157 stratura
773 3101 848 3158 atque
864 3094 899 3143 in·

658 3170 662 3203 ;
731 3172 742 3204 1
