2035 3500
850 155 912 223 x51

79 294 176 356 jectum
187 299 235 341 'est
251 294 319 357 fidei,
352 296 467 359 qnodque
488 297 514 361 in
532 303 635 358 pectore
650 295 775 344 reclusum
798 307 838 346 est
856 316 910 348 cre·

83 380 181 438 dentis,
198 387 315 446 tanquam
331 382 369 432 ab,
379 383 434 442 ipso
445 371 560 443 subjecto
568 396 704 429 secernere
721 384 796 445 atquc
810 385 835 431 in
852 401 909 432 con·

82 476 195 533 spectum
211 469 352 529 producere
366 468 549 523 eonscientiae.
576 531 578 533 Ι

146 555 219 602 Prius
235 554 309 616 igitur
324 553 350 599 in
366 569 444 614 opere
459 554 613 615 potissimum
629 554 733 602 salutari
744 554 837 603 Christi
848 573 907 619 apo-

81 641 138 689 stoli
157 640 264 690 defixum
274 641 359 690 fnisse
376 642 495 703 animum,
515 641 546 689 de
565 656 645 705 eoque
662 643 785 692 ecclesias
802 646 908 694 eundern

82 730 211 778 certiores*
223 731 331 789 fecisse,
359 745 432 795 quam
448 730 588 778 uberiorem
606 732 637 778 de
656 732 713 793 ipsa
729 733 803 780 divini
820 733 907 782 Salva·

82 818 143 864 toris
162 825 252 865 natura
271 818 450 882 metaphysica
473 833 505 865 ac
525 819 678 865 subsistendi
697 821 794 866 ratione
813 823 907 869 doctri-

80 920 137 951 nam
153 906 293 961 tradiderit,
308 904 374 951 haud
384 906 482 963 nrirum,
497 891 569 964 inrnro
585 906 728 965 cumipsins
745 908 854 965 apostoli
868 923 906 954 ra·

80 991 146 1037 tione
161 991 265 1038 docendi
282 992 388 1038 maxime
401 992 524 1038 videbitur
539 1005 682 1052 congruum.
709 990 826 1047 Testatur
841 996 905 1041 enim

81 1077 112 1124 de
128 1093 157 1125 se
173 1079 229 1138 ipso
244 1078 374 1140 apostolus
397 1080 480 1140 priore
500 1080 534 1133 ad
551 1077 692 1125 Corinthios
711 1078 817 1139 epistola
833 1079 904 1136 3,]01

79 1164 236 1224 „secundum
251 1166 356 1227 gratiam
372 1165 419 1212 Dei
440 1173 466 1212 ut
482 1167 577 1227 peritus
593 1165 746 1232 architectus
761 1165 905 1215 fundamen-

80 1250 218 1312 1111113111.α
574 1302 576 1304 ,
594 1309 596 1311 ¹
862 1239 864 1242 ’

142 1336 194 1384 sed
220 1336 294 1383 sicuti
317 1337 383 1395 idem
412 1335 540 1397 apostolus
572 1336 661 1397 eadem
685 1336 790 1398 epistola
811 1320 850 1399 (2,
863 1340 904 1397 10)

79 1423 199 1480 affirmat,
232 1424 343 1484 spiritum
372 1425 454 1471 omnia
477 1423 631 1485 perscrutari
658 1421 698 1468 vel
723 1424 904 1484 profunditates

78 1510 139 1557 Dei:
155 1511 190 1556 ita
203 1510 228 1556 in
243 1525 296 1564 uno
312 1510 368 1567 illo,
388 1493 453 1572 quod
466 1510 541 1572 jecit,
561 1508 721 1556 surrrdamento
739 1513 905 1571 superstruxit

79 1612 172 1643 aurum.
203 1597 295 1657 Nequit
314 1597 377 1643 enim
393 1597 489 1658 negari,
507 1596 619 1657 epistolis
636 1595 755 1657 imprimis
772 1598 805 1642 ad
819 1597 904 1657 Ephe-

77 1684 129 1730 sios
151 1690 176 1729 et
202 1682 368 1731 Colossenses
387 1682 526 1743 apostolum
550 1683 696 1743 sapientiam
716 1682 826 1728 locutum
846 1698 904 1730 esse

78 1771 141 1817 inter
156 1769 297 1830 perfectos,
324 1785 375 1815 non
393 1769 540 1829 sapientiam
559 1768 634 1829 hujus
651 1768 760 1825 saeculi,
791 1769 838 1815 sed
856 1768 903 1815 Dei

78 1843 226 1917 sapientiam
248 1854 371 1900 occultam
390 1853 418 1899 'in
448 1855 579 1916 mysterio,
612 1866 685 1916 qnam
710 1854 905 1915 praedestinavit

78 1942 148 1989 Deus
166 1948 223 1987 ante
239 1940 342 2006 saecula
359 1941 390 1986 ad
408 1939 512 2000 gloriam
527 1947 646 1998 nostram.

140 2029 222 2075 Aucta
238 2036 276 2075 est
293 2035 375 2074 autem
391 2027 516 2088 sapientia
534 2026 604 2073 Pauli
620 2033 670 2072 tum
686 2025 767 2087 gratia
780 2025 836 2084 Dei,
854 2033 903 2074 tum

78 2131 125 2163 sua
140 2115 220 2176 ipsius
237 2122 262 2160 et
277 2116 406 2161 nascentis
424 2115 549 2161 ecclesiae
568 2112 717 2158 conditione.

105 2245 107 2250 Α
139 2202 235 2250 Etenim
253 2201 393 2261 posteriore
409 2202 497 2259 aetatis
513 2214 575 2246 suae
591 2208 703 2260 tempore
714 2213 787 2260 quum
803 2205 903 2244 nostras

78 2288 198 2349 epistolas
215 2287 360 2346 conciperet
380 2287 523 2348 apostolus,
541 2288 639 2332 Romae
659 2293 713 2332 erat
734 2285 862 2341 detentns‚·
878 2285 903 2329 in

78 2374 176 2424 vincula
193 2373 333 2435 coniectus,
349 2375 380 2420 ab
397 2368 573 2430 ecclesiarum,
593 2387 656 2434 quas
673 2372 728 2432 ipse
748 2370 902 2426 condiderat,

79 2461 228 2508 commercio
257 2466 285 2508 et¹
309 2461 431 2520 'temporis
457 2468 481 2506 et
503 2459 581 2520 spatii,
602 2458 754 2519 longitudine
780 2455 903 2507 seclusus.

79 2547 143 2601 Quid
164 2546 231 2607 quod
251 2546 404 2605 singularum
424 2548 478 2608 jam
501 2545 741 2593 ecclesiarumcnra
761 2542 794 2587 ad
807 2549 903 2600 tempus

77 2634 210 2681 recederet
226 2631 350 2692 totiusque
365 2631 505 2689 ecclesiae,
522 2632 593 2692 cujus
606 2631 725 2691 majorem
736 2632 831 2687 partem
847 2624 904 2684 ipse

78 2718 184 2766 Domino
199 2725 405 2779 consecraverat,
421 2718 553 2779 imaginem
568 2724 648 2763 mente
660 2715 814 2772 conciperet,
828 2717 903 2771 atque

54 2798 58 2803 ’
78 2804 104 2849 111
125 2811 216 2858 totum,
248 2803 314 2864 quod
331 2803 399 2850 Dens
419 2819 465 2865 per
481 2804 561 2864 ipsum
584 2818 648 2863 opus
664 2798 827 2862 perfecisset,
852 2796 904 2842 ani-

54 2919 57 2924 -
79 2882 144 2935 mum
166 2888 320 2935 intenderet?
356 2889 433 2950 Spem
453 2898 536 2936 antem
559 2888 661 2936 ulterius
684 2883 805 2948 operandi
831 2897 904 2943 qurum

80 2976 160 3039 inagis
178 2976 307 3037 magisque
321 2978 457 3025 remitteret
473 2975 602 3039 apostolus
607 3010 615 3034 7
627 2980 715 3021 ‘nonne
731 2971 855 3032 putandus
865 2974 904 3014 est

68 3082 124 3120 ‚ea-
135 3064 217 3127 potius
239 3071 321 3112 mente
338 3065 511 3133 collustrasse,
537 3080 600 3128 quae
620 3079 636 3111 a
652 3063 706 3111 Deo
722 3062 755 3110 ad
769 3057 905 3108 salvandos
