2035 3500
153 124 189 177 10

152 268 222 331 tunt
233 270 333 319 Christo
351 272 460 335 exaltato
476 268 605 330 imperium
619 271 786 318 exercendum
803 272 902 320 aPatre
918 287 976 320 esse

152 372 310 417 eoncessum,
328 362 369 422 qui
387 358 497 421 ejusdem
515 357 605 418 eapitis
618 372 708 405 versus
721 357 755 403 '27
772 366 797 405 et
814 359 845 406 28
861 360 975 424 perlege·
1016 412 1018 414 ,

152 447 191 502 rit,
205 461 257 492 non
273 447 364 508 poterit
382 446 489 507 negare
579 446 580 449 ’

213 533 269 580 Nee
284 547 344 580 vero
362 529 439 578 solius
457 529 549 577 Christi
566 531 669 578 exaltati
688 532 830 592 dignitatem
847 540 871 580 et
887 540 975 595 poten·

151 620 209 667 tiam
227 621 319 666 nostris
334 617 447 679 epistolis
463 617 526 664 ultra
542 617 622 679 ipsius
631 617 738 679 apostoli
754 620 857 665 modum
869 622 975 667 docendi

151 706 273 762 sublatam
290 712 352 752 esse
362 714 437 768 atque
445 711 599 762 exornatam,
615 705 683 752 Banr
698 706 821 768 opinatur,
838 708 885 754 sed
902 708 975 755 etiam

151 792 302 850 doctrinam,
324 810 389 857 qnae
410 795 435 841 in
455 793 517 854 ipsis
533 792 679 851 inveniatur
701 793 733 839 de
748 791 845 840 Christi
870 799 975 854 aeterna

150 892 241 927 natura
258 882 393 943 eademque
416 876 506 928 div-ina.
538 879 602 926 Nam
622 880 735 940 quamvis
754 895 853 942 eornm,
866 896 933 943 ,quae
949 883 975 929 in

151 967 259 1027 epistola
278 969 311 1014 ad
328 968 495 1015 Colossenses
512 968 567 1024 1‚15
582 982 653 1029 seqq.
668 967 826 1013 inveniantur
847 968 878 1014 de
899 983 975 1029 prae-

151 1053 284 1101 existentia
294 1054 394 1111 Christi,
410 1055 494 1116 inquo
512 1063 603 1102 cuneta
618 1057 704 1101 creata
712 1054 768 1111 sint,
785 1054 859 1101 etiam
871 1055 895 1101 in
902 1056 976 1102 Pauli
1017 1051 1018 1093 3

150 1141 244 1202 passim
268 1142 382 1204 genuinis
402 1142 516 1204 epistolis
531 1142 596 1189 levia
615 1149 714 1188 exstent
731 1141 836 1203 vestigia
852 1155 883 1188 ao
899 1141 974 1189 linea·

150 1226 976 1291 menta‚nequetamenejusdemapostolichristologiaminaeterna
1017 1223 1018 1240 ³

149 1315 975 1378 potissimumSalvatmisdescribendanaturacommorari.ltaque,

148 1414 243 1460 qunma
251 1402 320 1449 Pauli
329 1404 436 1450 docendi
443 1404 538 1450 ratione
544 1403 649 1449 alienum
657 1403 696 1460 sit,
705 1402 772 1463 loqui
779 1403 810 1449 de
816 1402 915 1451 Christo
923 1412 975 1451 tau-

150 1502 224 1548 quam
241 1489 279 1545 dey
290 1505 329 1548 eo,
344 1492 384 1553 qui
396 1490 525 1538 visibilium
540 1497 614 1551 atque
624 1490 779 1559 invisibilium
794 1506 876 1538 rerum
889 1500 974 1539 teneat

151 1575 354 1624 dominationem:
376 1578 442 1624 Baur
463 1593 477 1624 e
494 1577 669 1624 Gnosticorum
691 1578 788 1638 placitis
808 1580 919 1636 eandem
932 1581 977 1627 de-.

148 1671 289 1723 promptam
314 1679 372 1711 esse
393 1664 548 1725 disciplinam
567 1664 607 1709 his
631 1665 783 1726 argumentis
804 1674 909 1713 conatus
934 1676 973 1713 est

151 1748 359 1812 demonstraret).
392 1750 413 1797 E
428 1750 509 1813 Bytho
531 1751 608 1807 enim,
629 1765 724 1797 summo
741 1751 805 1798 Deo·
822 1751 973 1800 Valentinia-

148 1850 246 1893 norum,
262 1839 325 1884 satis
334 1845 418 1884 notum
428 1844 474 1893 est,
491 1852 622 1883 emanasse
632 1838 791 1898 complurium
797 1838 910 1885 Aeonum
918 1840 973 1887 Ple·

148 1937 230 1980 roma‚
247 1924 377 1986 inquibus
394 1913 498 1984 singulis
514 1923 643 1971 Aeonibus
661 1924 775 1986 ejusdem
785 1925 837 1971 Dei
854 1926 973 1978 manifes-

149 2016 201 2055 tata
217 2018 242 2056 et
257 2011 365 2058 dilatata
378 2018 403 2058 et
418 2012 568 2072 promaJ'ore
584 2010 624 2057 vel
634 2011 727 2057 minore
738 2012 870 2073 unicuique
888 2030 973 2078 eorum

149 2112 274 2145 concessa
290 2114 305 2145 a
314 2098 390 2145 Patre
404 2100 531 2156 distantia,
549 2107 664 2146 cernatur
673 2099 821 2147 substantia·
835 2100 875 2146 ‘tn
891 2098 974 2149 loenm

146 2185 221 2245 igitur
238 2187 399 2246 oontplurinm
408 2187 520 2234 Aeonum
537 2188 568 2234 ab
584 2196 688 2234 auctore
705 2187 826 2248 epistolae
842 2188 874 2233 ad
886 2187 973 2239 0010s÷

148 2286 238 2320 senses
260 2289 335 2320 unum
358 2275 498 2322 traductum
523 2289 581 2322 esse
600 2273 669 2322 Baur
689 2274 816 2336 opinatur,
839 2274 972 2338 Christum,

147 2359 208 2419 „qui
217 2366 256 2405 est
264 2359 344 2421 imago
351 2361 400 2406 Dei
407 2362 545 2419 invisibilis,
554 2362 732 2423 primogenitus
743 2363 822 2408 omnis
831 2375 971 2423 creaturae,

148 2447 205 2508 qnia
214 2447 237 2493 in
247 2463 277 2495 eo
290 2449 371 2494 omnia
379 2457 464 2495 ereata
473 2458 538 2507 sunt,
555 2457 580 2496 et
592 2448 674 2496 omnia
682 2449 706 2495 in
716 2449 804 2496 eodem
815 2451 971 2499 consistunt“

149 2533 213 2591 (Col.
224 2534 279 2593 1515
298 2537 391 2599 sequ),
408 2538 449 2599 qui
466 2544 504 2584 est
520 2537 625 2599 „omnia
634 2537 659 2583 in
670 2537 799 2584 omnibus“
812 2537 971 2599 (Col..3‚ll).

211 2622 264 2669 Sed
278 2624 350 2671 sicuti
365 2624 440 2686 vulgo
457 2625 491 2682 fit,
508 2625 757 2688 utneqne‘dividatur
772 2631 875 2687 regnum
891 2642 972 2690 neque

148 2710 240 2773 regalis
261 2720 374 2775 potestas
397 2728 412 2759 a
431 2712 504 2775 plebe
524 2721 670 2776 usurpetur,
686 2714 830 2776 prinsquam
850 2715 905 2776 ipse
924 2732 970 2763 rex

150 2799 252 2860 ejusque
273 2801 337 2848 filins
358 2800 398 2848 vel
418 2801 507 2848 finibus
528 2801 648 2862 expulsus
669 2802 711 2849 vel
731 2802 764 2848 ad
784 2801 970 2865 ultimas2regni

145 2885 264 2946 regiones
286 2890 318 2936 sit
338 2889 478 2951 relegatus:
497 2890 532 2936 ita
551 2905 602 2937 non
622 2903 638 2936 a
657 2888 757 2936 Christo
778 2897 890 2950 ereptum
910 2906 969 2941 esse

144 2973 277 3035 imperium
298 2978 376 3025 ordini
391 2978 518 3036 Aeonum,
537 2980 583 3027 sed
605 2993 621 3023 a
635 2976 792 3037 lllonogene,
810 2977 868 3027 ficto
888 2994 903 3026 a
921 2978 969 3026 Va-

174 3103 196 3151 7)
212 3103 275 3150 Bnur,
291 3103 374 3141 l’anlns.
391 3117 410 3153 p.
424 3107 462 3141 422
476 3116 495 3141 n.
508 3106 553 3141 4232
