2035 3500
901 189 917 242 3

87 344 172 400 gutur,
192 327 252 389 ,nisi
268 331 343 381 antea
360 331 425 377 haec
447 331 503 393 ipsa
524 332 606 393 imago
624 331 736 393 quamvis
758 333 837 381 obiter
858 346 915 384 ante

87 424 174 472 oculos
190 419 271 485 posita
287 422 329 468 sit:
347 419 400 466 non'
414 419 550 481 potuimus,
568 420 625 482 quin
643 419 675 465 de
691 419 734 477 iis,
758 437 824 483 quae
837 422 916 471 altera

86 522 159 576 parte
180 500 352 570 disputationis
374 500 476 556 nostrae
502 510 552 556 sint
572 508 764 569 pertractanda,
790 510 844 570 jam
866 511 915 559 hoc

86 601 144 648 loco
162 596 512 660 quaedamvpraesumeremus
530 602 555 643 et
572 596 603 641 dc
620 594 772 642 christianae
786 597 915 645 doctrinae

87 685 214 734 nascentis
232 682 326 744 origine
342 674 624 744 pauca‘praefaremur.

148 773 231 834 Atque
249 770 399 818 christianae
409 771 506 833 quidem
522 771 650 831 religionis
664 772 823 832 principium,
841 788 915 835 equo

87 860 164 908 veluti
182 875 195 905 e
212 859 297 905 radice
319 867 405 906 cetera
425 858 507 905 onmia
522 851 671 919 pedetentim
689 858 806 918 dogmata
825 875 915 907 nasce·

87 950 189 1005 bantur,
215 945 249 992 nil
266 944 344 993 fuisse
356 946 443 992 ‘critici
459 946 538 990 nostri
560 944 653 1006 opinati
669 952 726 991 sunt
745 946 793 993 nisi
808 945 916 995 Judaeo·

88 1051 142 1081 rum
160 1033 313 1096 quorundam
321 1033 395 1079 iidem
412 1034 437 1095 in
453 1032 540 1079 lesum
550 1032 707 1079 Nazarenum
718 1041 834 1095 tanquam
845 1034 915 1082 Chri·

87 1130 151 1169 stum
168 1137 183 1168 a
201 1121 256 1168 Deo
273 1121 429 1182 promissum.
462 1121 517 1174 Quo
533 1136 582 1167 uno
600 1120 657 1167 fidei
674 1121 848 1180 inuitamento,
874 1126 918 1185 qni

87 1210 159 1272 primi
180 1209 339 1256 christianum
358 1224 448 1256 nomen
466 1208 633 1269 obtinuerunt,
661 1210 692 1255 ab
717 1210 747 1255 iis
763 1208 916 1257 Judacorum

0 1286 3 1368 j
87 1298 194 1359 sejuncti
209 1305 279 1358 sunt,
297 1297 338 1359 qui
354 1296 436 1344 futuro
453 1304 567 1358 tempore
580 1302 710 1342 venturum
728 1310 786 1342 esse
796 1295 917 1345 hlessiarn

88 1385 276 1446 exspectabant.
313 1385 401 1446 Neque
421 1393 505 1431 tamen
521 1399 554 1430 ex
572 1382 687 1444 opinione
709 1384 850 1431 criticorum
868 1387 916 1433 dis-

90 1471 183 1517 crimen
208 1471 273 1516 intcr
293 1469 405 1518 Judaeos
431 1479 455 1518 et
473 1470 628 1518 Christianos
645 1478 762 1517 recentes
784 1479 839 1518 erat
862 1481 916 1519 tan·

88 1566 151 1614 tum,
177 1565 204 1603 ut
225 1556 374 1614 Christiani,
401 1560 441 1622 qui
464 1567 489 1605 et
505 1558 553 1620 ipsi
569 1558 685 1619 perbrevi
705 1558 840 1605 rediturum
859 1576 916 1607 esse

89 1645 214 1692 Christum
239 1663 388 1708 persuasum
413 1647 547 1706 haberent,
575 1660 656 1707 neque
681 1646 706 1691 in
726 1646 783 1708 lege
802 1647 917 1694 illosaica

89 1734 254 1781 observanda
271 1750 321 1781 nnn
338 1740 544 1796 perseverarent,
568 1731 690 1779 Judaicae
709 1733 837 1794 religionis
853 1735 917 1782 fines

0 1811 5 1845 '⁵
55 1832 57 1834 ’
89 1817 254 1883 transgressi,
270 1838 360 1887 novam
378 1813 476 1869 omnino
493 1829 568 1883 atque
585 1835 600 1866 a
617 1828 723 1882 paterna
733 1836 845 1883 prorsus
859 1822 917 1869 alie-

88 1924 145 1955 nam
163 1910 300 1956 doctrinam
318 1907 537 1967 essem-professi.
570 1907 662 1952 Verum
681 1909 764 1967 potius
783 1907 917 1957 Christiani

89 1993 122 2040 illi
138 1995 247 2053 Judaici,
273 1995 322 2041 nisi
342 2008 424 2040 novae
446 1993 574 2054 cujusdam
591 1993 649 2039 fidei
664 2001 753 2041 auctor
769 1994 859 2042 iisdem
876 1999 918 2044 ob.

90 2082 207 2138 stitissct,
224 2096 319 2143 eosque
334 2096 349 2126 a
363 2080 428 2141 legis
444 2074 577 2127 liberasset
592 2081 709 2137 servitio,
730 2080 839 2130 futurum
857 2083 918 2132 fuis·

90 2175 145 2227 set,
176 2176 203 2214 ut
224 2184 270 2229 pro
290 2175 363 2214 secta
387 2166 607 2227 ipsius-iudaicae
632 2168 759 2228 religionis
780 2172 918 2231 usquedum

90 2255 243 2302 haberentur
262 2262 292 2301 et
304 2254 500 2300 Christianorum
520 2252 564 2299 vix
583 2251 768 2313 appellarentur
782 2257 917 2320 nomine1).

92 2340 169 2403 Cujus
190 2341 289 2403 quidem
308 2341 350 2388 rel
371 2347 507 2388 renovatae
527 2339 569 2385 vel
586 2354 669 2386 novae
685 2340 812 2401 religionis
829 2351 919 2391 auctor

91 2428 185 2476 Paulus
207 2436 262 2475 erat
288 2427 506 2490 apostolus,¹q11i
527 2426 724 2474 circumcisionis
745 2444 838 2476 morem
855 2432 920 2478 anti-

91 2531 171 2577 quans
189 2530 220 2561 ac
238 2516 346 2572 docens,
373 2530 423 2561 non
440 2529 473 2560 ex
488 2509 631 2575 praeceptis
645 2513 764 2561 hlosaicis
780 2517 920 2565 observan-
979 2534 981 2537 ’

92 2603 139 2659 dis,
156 2603 242 2649 seder
252 2611 332 2648 morte
350 2601 442 2666 Christi
458 2602 606 2672 expiatoria,
621 2601 646 2646 in
657 2599 861 2661 justificationem
872 2603 920 2651 ho·

92 2690 197 2736 minibus
223 2689 381 2749 imputanda,
408 2687 513 2735 salutem
535 2689 623 2735 iisdem
648 2689 826 2735 arcessendam
851 2705 919 2749 esse,

93 2775 289 2823 Christianorum
308 2775 440 2822 cludaeis
457 2791 503 2823 seu
518 2775 686 2822 Ebionitarum
703 2773 858 2835 disciplinam
875 2778 921 2824 im-

92 2865 233 2924 pugnabat,
262 2863 287 2909 in
303 2877 413 2924 veraque
430 2861 521 2909 Christi
538 2862 651 2910 doctrina
667 2861 732 2907 inter
749 2861 863 2911 ethnicos
877 2880 920 2926 po-

96 3001 248 3009 --·———

145 3073 166 3124 1)
193 3074 323 3126 Schueglcr,
344 3074 550 3127 anchapostolischcs
564 3073 675 3123 Zeitnltcr,
695 3076 922 3129 Tdbingcn1846,1.,

94 3141 126 3176 89.
140 3150 196 3186 seqq.

727 3224 752 3269 ,t
