2035 3500
120 155 160 211 54

119 304 227 360 semina,
250 303 277 349 in
292 304 385 350 nostris
400 304 453 365 jam
475 301 586 364 epistolis
603 309 678 348 enata
693 311 758 375 sunt
769 304 795 350 in
806 304 943 351 distinctos

119 392 198 452 magis
214 397 289 452 atque
307 406 443 452 expressos
455 391 552 438 (livinae
562 404 672 453 gnoseos
679 375 784 447 fructus,
800 397 875 452 atque
892 398 944 438 tra.-

120 479 170 524 dita
180 477 336 533 Christianis,
353 477 393 538 qui
409 492 459 524 non
471 478 525 538 jam
542 476 639 524 defidei
655 477 799 525 rudimentis
813 478 942 535 edocendi,

119 566 166 614 sed
184 565 298 611 monendi
314 571 392 620 erant,
409 572 436 611 ut
453 573 695 626 perseverarent
709 566 734 612 in
750 565 799 612 fide
812 563 907 612 fundati
918 572 943 611 et

120 659 273 708 constantes
289 658 314 697 et
330 658 514 698 crescerent
529 653 602 699 bonis
619 653 736 713 operibus
754 659 778 700 et
794 652 840 700 Dei
857 653 943 715 cogni-

119 740 185 786 tione
202 736 348 800 (Col·1'‚‘23;
365 737 427 794 l‚10.
442 737 572 800 Eph.1,15
589 741 695 800 etone).

182 826 234 873 Sed
258 826 371 887 quamvis
392 825 483 886 plenae
503 826 552 872 sint
576 826 698 886 epistolae
721 826 753 872 ad
771 824 896 886 Ephesios
918 832 943 871 et

119 913 286 960 Golossenses
302 911 457 959 inexhaustis
474 912 625 959 christianae
643 913 791 974 cognitionis
807 911 941 958 thesauris:

117 1014 200 1060 neque
221 1007 302 1044 tamen
324 990 410 1060 gensis
428 988 539 1061 apostoli
559 1016 591 1047 ex
610 999 771 1047 fundamento
790 997 849 1044 fidei
869 997 942 1044 vivae

116 1100 148 1133 ae
165 1085 291 1146 practicae
301 1085 437 1131 divulsaad
449 1094 542 1131 certam
559 1089 682 1148 quandam
697 1086 803 1147 frigidae
820 1092 845 1132 et
861 1084 943 1132 exsic÷

118 1179 190 1218 eatae
206 1170 381 1232 philosophiae
399 1171 521 1218 rationem
538 1180 577 1218 est
591 1181 718 1221 revocata.
750 1172 846 1220 Verum,
859 1170 942 1232 potius

115 1257 196 1304 forma
211 1258 335 1304 scribendi
350 1272 381 1303 ex
393 1258 449 1318 ipsa
461 1258 531 1304 Pauli
546 1259 613 1316 vitale
629 1259 770 1305 conditione
786 1264 868 1313 enata,
887 1262 915 1324 et,
927 1271 943 1302 a

116 1351 255 1389 ceterarum
264 1344 343 1404 ipsius
356 1343 558 1405 epistolarumet
573 1361 590 1392 a
604 1344 809 1406 philosophorum
824 1342 942 1404 loquendi

116 1445 210 1490 genere
229 1431 285 1491 pari
304 1430 378 1476 modo
400 1437 439 1477 est
456 1430 562 1479 diversa.
594 1430 664 1477 Pauli
686 1429 886 1491 enimpolemica
901 1444 941 1476 ra-

116 1517 150 1563 tio
173 1517 272 1562 dicendi
294 1523 344 1572 est,
363 1515 557 1562 demonstrativa
577 1523 601 1562 et
617 1516 758 1576 dialectica,
781 1514 941 1576 philosopho-

117 1618 171 1648 rum
187 1603 294 1648 maxime
309 1602 404 1648 subtilis
417 1610 490 1663 atque
501 1604 627 1649 abstrusa:
643 1601 715 1648 Pauli
731 1603 829 1662 captivi,
846 1602 940 1663 gratias

115 1689 169 1735 Deo
187 1689 283 1750 agentis
299 1695 324 1734 et
338 1689 465 1747 precantis
483 1704 529 1749 pro
547 1690 652 1744 sanctis,
670 1688 765 1749 ampla,
783 1695 889 1747 angusta
904 1694 940 1733 at-

115 1789 163 1836 que
187 1775 219 1819 ad
246 1773 523 1834 liturgicam'orationis
547 1775 652 1822 formam
676 1774 785 1835 proxime
808 1774 940 1822 accedens.
962 1779 964 1781 ’

115 1922 268 1930 ,ψη-..ψ

138 2023 174 2070 3⁴2)
188 2023 256 2070 Quum
277 2022 381 2070 captivum
397 2024 514 2071 apostolum
531 2023 628 2073 ampliori
645 2023 725 2062 cnidum
746 2024 796 2061 fidei
815 2021 940 2060 christianae

113 2085 226 2136 cognitioni
240 2085 351 2121 indulsisse
362 2085 405 2122 reri
418 2085 477 2122 nohis
494 2085 667 2130 videtur-simile:
681 2077 855 2135 non'infringitnr
869 2086 938 2134 opinio

112 2154 181 2185 nostra
192 2160 216 2184 ea
230 2159 264 2192 re,
284 2147 338 2195 qnod
355 2158 394 2184 non
414 2147 506 2184 omniurn
522 2147 669 2196 epistolarum,
686 2160 762 2196 quaec
777 2148 897 2196 captivitate
912 2150 939 2186 ah

112 2224 136 2247 eo
147 2210 223 2246 missae
236 2214 291 2253 sunt,
307 2214 452 2258 argumentum
461 2210 482 2247 in
491 2210 582 2256 ejusdem
597 2209 721 2259 cognitionis
736 2211 829 2248 materiis
837 2216 938 2248 versetur.

110 2272 162 2309 Nam
176 2276 197 2308 et
210 2270 263 2307 varii
279 2274 336 2307 erant
349 2270 421 2308 miseri
434 2272 525 2319 apostoli
538 2281 607 2309 nictus
621 2277 683 2320 atque
696 2273 784 2324 effeetus
798 2273 862 2310 animi
872 2277 892 2310 et
905 2285 938 2311 ra·

110 2335 155 2370 rins
168 2332 216 2369 finis
230 2333 358 2383 singularam
374 2335 520 2383 epistolarum⁷
535 2347 586 2382 quus
603 2335 670 2371 Romu
683 2335 761 2371 Paulus
775 2333 839 2371 misit.
866 2335 939 2384 ltaque

111 2392 129 2434 si
140 2396 206 2433 nostri
218 2396 294 2432 suisset
305 2396 407 2443 propositi
419 2395 519 2444 originem
532 2396 631 2442 epistolae
644 2396 669 2431 ad
681 2394 784 2443 Ephesios
798 2396 940 2444 epistolaeque

110 2462 135 2500 ad
149 2461 229 2497 Coloss.
244 2457 367 2509 singillatim
382 2468 486 2501 enarrare,
500 2469 583 2494 neeesse
596 2460 651 2501 erat,
668 2461 690 2492 nt
709 2467 748 2492 non
763 2457 830 2493 sulum
844 2458 939 2507 advitae

111 2529 188 2561 statum
203 2522 264 2559 Pauli
278 2519 380 2570 apostoli,
396 2514 432 2555 sed
447 2520 510 2556 etiam
526 2520 552 2556 ad
566 2519 703 2556 conditionem
713 2518 820 2567 utriusque
834 2520 892 2558 illins
907 2534 938 2559 ec·

111 2587 188 2625 clasiae
205 2584 295 2622 animum
314 2585 477 2621 adverteremus.
510 2581 577 2630 Atque
592 2573 729 2630 theosophiae
749 2582 830 2630 quidem
845 2584 937 2621 studium

111 2650 212 2698 quoddam
229 2648 250 2684 in
264 2647 313 2685 Asia
332 2646 411 2683 minore
430 2646 575 2695 pervulgatum
594 2657 668 2683 caussa
687 2643 753 2681 fuisse
773 2645 935 2694 nouievidetur,

112 2724 164 2761 quae
177 2710 242 2749 inerit
255 2710 384 2759 apostolum,
401 2714 424 2747 nt
438 2709 534 2758 epistolis
551 2709 577 2746 ad
594 2708 647 2758 Epir.
661 2711 682 2745 ct
695 2707 740 2743 Col.
756 2707 791 2743 his
805 2706 856 2755 ipsis
871 2711 938 2746 ecclc·

111 2775 150 2813 siis
171 2776 195 2811 ad
216 2785 310 2811 erroneas
327 2773 479 2821 speculationes
498 2772 634 2816 refellendas,
647 2769 728 2809 altioris
748 2769 853 2807 doctrinae
872 2784 937 2821 genus

112 2837 208 2877 traderet.
236 2837 331 2873 Ceterum
346 2837 381 2873 vel
391 2835 410 2873 in
421 2834 510 2884 epistola
518 2836 543 2873 ad
553 2834 705 2884 Philippenses,
720 2844 759 2881 qno
774 2831 936 2872 familiarissime

110 2902 136 2939 nd
147 2899 255 2936 ecclesiam
268 2899 360 2947 loquitur
372 2899 487 2948 apostolus,
502 2898 561 2947 eique
575 2897 704 2935 concordiam
718 2893 808 2932 maxime
821 2898 936 2944 atquehn-

109 2963 221 3002 militatem
239 2960 303 2998 animi
321 2963 457 3012 commendat,
472 2962 590 3011 praeclarus
605 2961 641 2997 ille
656 2962 723 2995 exstat
736 2958 794 2995 locns
808 2953 832 2996 dc
845 2958 936 2997 incarna-

110 3028 165 3065 tione
179 3028 200 3061 et
213 3022 348 3060 exinanitione
358 3024 408 3061 Filii
418 3015 455 3061 liei
469 3024 535 3073 (Phil.
541 3023 656 3071 ‘ae-11),
672 3027 692 3060 et
704 3022 724 3059 in
734 3022 822 3071 epistola
835 3022 901 3072 prima
911 3023 937 3060 ad

109 3088 245 3127 Tinrnthcnm
259 3084 286 3122 ef.
300 3088 351 3128 3,l6.
734 3087 735 3090 ’
