2035 3500
877 139 914 227 aa

90 322 172 383 Atque
187 320 237 367 hoc
254 319 420 384 potissimum,
436 319 458 365 si
474 325 540 367 totos
556 333 604 366 nos
620 316 772 366 conferimus
788 319 821 365 ad
836 319 915 367 mino-

89 423 133 457 res
148 408 204 455 illas
223 406 291 454 Pauli
308 405 428 467 epistolas
446 406 674 465 perscrnntandas‚
690 406 856 466 apostolicam
871 407 915 474 iis-

90 497 145 543 dem
163 495 252 557 gnosiu
266 501 380 549 exstare,
397 491 537 538 firmissime
553 494 625 540 nobis
641 493 789 555 persuadet:
806 493 872 554 quod
887 493 915 539 fi.

90 584 135 636 des
151 583 241 628 ibidem
258 586 282 626 et
298 579 405 640 cognitio
416 578 618 641 conjunctissime
633 579 697 626 inter
711 595 740 627 se
756 579 807 626 sint
822 594 915 625 conne-

89 673 144 717 xae.
177 668 282 714 Tantum
298 666 361 713 enim
378 667 462 723 abest,
478 674 505 712 ut
520 665 682 713 theoreticam
697 666 776 713 solam
793 665 915 713 lectorum

90 755 266 802 conscientiam
282 753 435 799 insolitarum
451 767 483 798 ac
494 753 618 799 subtilium
634 769 716 800 rerum
728 754 914 816 quaestionibus

90 842 220 904 apostolus
241 848 349 901 occupet
365 854 396 886 ac
412 839 539 897 distineat,
557 846 583 886 ut
599 855 672 901 quum
687 841 718 885 de
732 842 833 887 summis
848 840 914 887 chri·

89 930 186 976 stianac
202 926 330 988 religionis
349 927 477 988 principiis
493 941 524 973 ae
540 926 664 988 mysteriis
680 926 774 972 Paulus
790 926 914 988 loquatur,

90 1016 152 1063 nihil
173 1022 245 1061 curet
266 1013 314 1060 nisi
335 1012 564 1059 exaedificationem
587 1012 656 1073 Deis
671 1027 735 1079 quae
755 1020 794 1060 est
814 1013 839 1060 in
857 1012 915 1060 fide.

89 1103 175 1164 ltaque
195 1100 237 1146 ubi
260 1100 346 1147 coelos
372 1108 396 1147 et
418 1108 521 1161 terram,
538 1095 709 1147 aeternitatem
730 1109 755 1147 et
775 1108 914 1162 temporum

41 1184 45 1190 Χ
89 1190 224 1236 decursum
243 1187 325 1233 divina
340 1195 423 1234 mente
434 1202 480 1235 sua
488 1189 667 1251 complectitur,
685 1189 772 1235 eodem
790 1194 914 1234 momento

89 1275 181 1323 antanti
197 1290 228 1321 ac
248 1273 351 1321 sollicito
371 1275 453 1321 animo
470 1264 619 1332 recordat-ur
637 1273 771 1332 lectorum,
785 1273 871 1320 laudat
886 1273 914 1318 fi-

90 1364 145 1410 dem
163 1377 247 1409 eorum
267 1376 300 1426 ac.
319 1360 488 1424 dilectionem,
506 1371 652 1424 praemonet
667 1378 700 1410 ne
716 1360 874 1424 philosophia
890 1367 916 1408 et

89 1465 155 1497 vana
177 1449 265 1496 fraude
284 1449 421 1495 secundum
436 1450 593 1496 traditionem
607 1449 731 1497 hominum
753 1450 915 1509 decipiantur,

89 1536 248 1592 adhortatur,
266 1542 293 1580 ut
315 1542 450 1581 caveanta
470 1535 654 1598 uaniloquentia
676 1547 700 1584 ct
721 1536 872 1584 scurrilitate
890 1544 915 1583 et

89 1637 192 1684 operam
209 1623 268 1668 dent
281 1622 427 1679 modestiaefl
442 1622 570 1670 humilitati
587 1632 611 1669 et
628 1622 783 1681 clementiae,
799 1631 873 1685 atque
889 1630 916 1669 ut

92 1724 176 1755 sermo
194 1723 279 1755 corum
296 1725 396 1770 semper
412 1711 444 1755 sit
463 1709 487 1755 in
503 1710 665 1769 praecatione
683 1718 707 1756 et
723 1710 811 1772 gratia.
843 1709 915 1762 Quae

90 1795 172 1841 omnia
189 1804 332 1856 praccepta,
354 1810 368 1841 a
390 1796 564 1842 Gnosticorum
581 1797 690 1857 superba
707 1805 781 1857 atque
799 1795 915 1843 insolenti

89 1881 186 1927 ratione
207 1881 312 1927 docendi
333 1881 492 1939 alienissima,
516 1883 595 1928 abeo
618 1881 733 1944 apostolo
753 1883 843 1928 tradita
857 1890 916 1928 sunt

89 1967 205 2028 Ephesiis
230 1976 254 2014 et
276 1967 483 2028 Colossensibus,
501 1969 579 2030 'cujus
604 1970 771 2031 cognitionem
795 1969 916 2016 altissima

90 2053 229 2101 Div'initatis
254 2055 373 2114 mysteria
389 2046 568 2115 penetrantem
581 2055 694 2102 admirati
714 2056 786 2103 simul
809 2065 915 2117 paterna

90 2140 202 2200 ejusdem
214 2156 275 2201 erga
287 2141 373 2187 fideles
391 2142 524 2189 dilectione
537 2150 636 2204 et'oura
654 2143 796 2201 dulcissime
809 2160 915 2192 commo·

16 2233 27 2268 t
89 2241 176 2273 ventur
191 2227 278 2275 animis
296 2230 396 2277 nostris,
445 2267 446 2270 ,
