2035 3500
104 131 121 182 6

106 289 237 322 sacrorum
259 275 377 322 librorum
391 286 521 328 numerus,
543 271 584 333 qui
605 270 669 318 inter
686 272 814 319 Paulinam
837 279 933 334 partem
955 318 960 320 ,
1017 271 1018 305 ἒ

104 377 137 408 ac
161 362 285 408 Patr-inam
310 362 434 409 ineundae
458 356 579 411 favebant
603 358 754 406 concordiae
774 360 801 405 in
825 359 934 419 ecclesia

106 449 232 497 Romana:
249 449 287 496 sie
307 450 378 508 ipsae
398 446 422 491 in
444 447 562 493 ecclesiis
579 447 656 493 Asiae
670 446 773 493 minoris
790 452 861 493 ortae
878 446 933 493 sint.

106 535 184 598 Cujus
200 536 298 598 quidem
308 534 437 582 nascentis
448 534 577 583 Asiaticae
593 534 718 582 ecclesiae
735 534 816 594 imago
833 534 869 580 ita
879 532 951 590 sere*

105 638 121 668 a
144 624 235 670 criticis
255 622 348 668 nostris
370 628 408 667 est
429 621 557 682 deplorat).

168 708 254 766 Ratio,
272 707 410 755 secuudum
430 722 503 771 quam
522 708 634 756 Asiatica
652 707 831 754 succrescebat
852 705 933 753 ecele-

105 797 150 852 sia,
167 810 241 857 quum
253 803 277 841 et
286 796 343 856 ipsa
351 796 382 841 ab
390 795 549 843 Ebionitismo
558 796 590 841 ad
600 794 738 842 catholicae
749 794 935 841 ecelesiaeuni-

107 891 182 930 tatem
188 880 391 945 progrederetur,
402 882 535 929 aRomana
543 883 610 929 haud
619 883 680 929 satis
689 888 743 928 erat
750 880 836 927 aliena.
847 879 936 926 >Prima

107 973 171 1018 enim
180 972 332 1017 incrementa
343 971 409 1032 cepit
417 969 527 1018 ecelesia
535 986 566 1017 ex
576 970 746 1027 Ebionitisme‚
758 968 798 1015 cui
806 967 935 1015 studiosis-

106 1059 168 1105 sime
180 1057 221 1118 qui
231 1058 323 1103 addicti
337 1066 420 1114 erant,
437 1058 513 1105 veluti
524 1058 632 1105 Galatae
644 1066 669 1105 et
681 1056 785 1104 Paulum
795 1053 936 1116 apostolum

109 1152 225 1207 tanquam
243 1144 370 1205 religionis
387 1159 450 1191 suae
468 1154 612 1192 eversorem
632 1161 728 1193 summo
744 1144 936 1207 impetuperse·

107 1233 260 1293 quebantur,
277 1240 301 1278 et
316 1232 365 1292 ipsi
381 1233 411 1278 ab
429 1231 515 1278 eodem
533 1233 649 1293 apostolo
667 1235 705 1289 ea,
724 1246 797 1293 quam
815 1230 846 1276 iis
863 1228 936 1285 misit,

108 1318 216 1379 epistola
232 1319 397 1378 deVJudaismi
412 1320 520 1381 rigorosi
535 1320 656 1366 retinendi
673 1320 775 1366 crimine
793 1325 850 1365 sunt
865 1316 936 1366 incu-

109 1406 165 1456 sati.
197 1405 279 1467 Atque
294 1420 326 1452 ne
344 1406 413 1453 Pauli
429 1406 527 1469 quidem
544 1406 664 1467 singulari
679 1404 936 1457 industriaeffeetum
963 1403 965 1407 ’
1016 1409 1018 1412 “

109 1500 159 1549 est,
176 1499 203 1538 ut
219 1507 234 1538 a
252 1494 365 1539 doctrina
382 1494 494 1556 ejusdem
510 1496 648 1557 rejicienda
664 1493 814 1541 desisterent
822 1492 936 1538 Asiatici.

108 1579 196 1627 Potius
216 1578 292 1642 longe
317 1580 397 1642 major
422 1597 507 1629 eorum
529 1598 589 1644 pars
613 1581 765 1629 ludaeorum
790 1590 847 1627 non
862 1568 936 1627 niodo

108 1667 244 1713 immutavit
259 1683 341 1729 neque
353 1684 436 1716 mores
451 1676 533 1732 neque
548 1668 711 1730 disciplinam,
730 1669 776 1714 sed
792 1667 833 1715 vel
846 1667 938 1714 acriori

109 1754 197 1800 iisdem
212 1756 334 1802 inservire
350 1757 489 1817 pertinacia
505 1757 623 1818 perrexit.
656 1754 733 1802 Paulo
748 1756 811 1801 enim
820 1753 937 1800 defuncto

108 1841 151 1886 ubi
161 1839 291 1889 lohannes
309 1846 440 1902 apostolus
449 1844 576 1903 Ephesum
593 1842 723 1903 profectus
734 1842 850 1889 ccelesiis
859 1841 937 1887 Asiae

109 1927 211 1974 minoris
230 1931 313 1990 coepit
327 1946 457 1990 praeesse,
475 1931 556 1977 derruo
573 1930 663 1976 acriori
678 1929 761 1979 studio
778 1930 803 1975 in
819 1927 938 1974 Paulinae

110 2014 239 2061 doctrinae
252 2017 347 2062 semina
362 2025 498 2078 pugnatum
515 2024 560 2063 est.
588 2015 669 2077 Cujus
683 2015 781 2076 quidem
798 2016 871 2061 studii
888 2022 939 2075 tes·

110 2109 150 2149 tes
160 2110 219 2149 sunt
235 2110 260 2149 et
274 2104 328 2165 ipse
337 2103 466 2151 Johannes
478 2102 607 2165 apostolus
616 2106 715 2162 (auctor
725 2102 938 2166 Apocalypseos),

109 2196 135 2235 ct
153 2189 284 2235 Corinthus
308 2198 333 2235 et
354 2191 446 2251 Papias
467 2199 492 2237 et
508 2190 687 2248 Montanistae‚
705 2189 745 2250 qui
761 2191 845 2250 priore
867 2199 938 2252 parte

109 2274 204 2322 saeculi
223 2278 327 2323 secundi
347 2294 397 2324 non
413 2277 492 2325 solum
509 2278 534 2323 in
550 2276 613 2323 Asia
629 2276 782 2340 floruerunt,
799 2278 846 2329 sed
865 2278 938 2324 etiam

111 2378 127 2408 a
142 2363 263 2408 Romanis
280 2365 322 2409 vix
339 2364 416 2410 habiti
432 2372 490 2411 sunt
505 2380 552 2424 pro
567 2364 703 2409 haereticis
722 2369 797 2423 atque
813 2365 837 2410 in
857 2367 939 2424 patria

111 2465 158 2497 sua
174 2450 302 2510 nonprius
320 2451 464 2512 impugnati,
482 2449 558 2517 quam
572 2450 604 2496 ad
621 2449 695 2496 finem
708 2450 819 2512 ejusdem
836 2450 938 2498 saeculi.

111 2537 205 2591 Quibus
222 2538 297 2586 rebus
318 2538 434 2596 efficitur,
452 2538 640 2585 Ebionitismum
661 2538 824 2602 ejusdemque
847 2555 938 2601 proge-

111 2626 176 2671 niem
193 2624 388 2674 Montanismum
402 2628 428 2674 in
441 2626 553 2675 Asiatica
570 2625 679 2674 eeclesia
694 2643 745 2673 non
762 2634 879 2690 tanquam
895 2644 939 2673 no-

112 2727 158 2763 vas
174 2713 277 2760 saeculo
294 2715 407 2762 seeundo
425 2722 527 2761 exortas
542 2729 600 2762 esse
617 2714 753 2771 haereses,
771 2714 817 2761 sed
834 2728 880 2774 pro
895 2728 938 2758 an-

114 2800 182 2860 tiqua
197 2814 228 2846 ao
249 2801 357 2862 legitima
375 2801 525 2849 christianae
547 2801 675 2863 religionis
692 2801 773 2849 forma
789 2799 830 2846 vel
845 2800 877 2845 ab
897 2800 937 2845 ad-

111 2886 231 2934 versariis
246 2887 345 2936 habitas
355 2888 503 2937 haereseon
519 2898 570 2938 tum
587 2890 685 2938 demum
695 2888 802 2936 subiisse
816 2889 938 2950 suspicio-

112 3022 268 3030 ...-.....·—-—-

135 3092 157 3139 4)
173 3090 301 3139 Schu'egler,
316 3088 402 3138 nachap.
412 3090 438 3127 Ζ,
452 3090 479 3128 ΙΙ.
492 3093 531 3129 245
545 3103 601 3140 seqq.
