2035 3500
116 181 152 233 20

117 327 236 383 vinitatis,
252 335 328 386 caput
343 327 376 372 sit
392 321 516 371 ecclcsiae
533 334 563 366 ac
578 319 739 381 principium,
751 335 785 377 „e
801 335 850 382 quo
868 327 944 366 totum

119 429 211 476 corpus
227 428 274 474 per
289 427 385 459 omnem
398 408 481 454 auxilii
498 408 685 454 commissuram
701 415 857 469 compactum
871 414 946 469 atque

119 501 287 562 conjunctum,
303 515 346 559 pro
366 494 481 542 efficacia
493 494 580 555 cuique
593 494 662 554 parti
680 495 852 551 accomodata,
864 494 946 540 incre-

119 595 227 634 mentum
240 584 353 645 corporis
370 582 438 643 capit
455 582 487 628 ad
499 581 578 642 ipsius
595 580 793 628 aedificationem
807 583 832 628 in
845 582 949 629 ειῐιιονθιζ

121 674 199 735 (Eph.
216 657 291 728 4,]6).
318 669 404 733 ¹Quam
420 669 519 730 quidem
540 666 665 712 ecclesiae
682 668 825 728 imaginem,
841 684 888 728 per
907 682 948 714 ca·

120 767 164 820 put
181 741 331 804 et'membra
349 754 550 813 constituendae,
568 753 672 798 maxime
691 754 867 800 Gnosticorum
889 766 947 800 esse

119 846 260 907 propriam,
278 844 344 889 Bam·
362 843 383 890 si
399 842 478 887 minus
494 839 614 886 historiae
631 841 783 898 argumentis
800 842 948 902 comproba·

121 933 164 989 vit,
181 942 262 977 tamen
281 930 375 990 majore
390 927 523 974 affirmavit
539 914 697 971 confidentia.

184 1017 267 1076 Atque
284 1015 405 1060 hactenns
422 999 609 1059 subtilts‘oritici
616 1012 695 1058 nostri
710 1013 850 1073 disputatio.
867 1014 947 1065 Quum

121 1111 201 1149 autem
219 1102 286 1147 Bam·
301 1115 363 1156 non,
381 1099 485 1159 singulis
502 1105 576 1142 antea
593 1098 739 1158 Scripturae
755 1099 820 1146 locis
837 1098 947 1159 explica-

121 1191 169 1246 tis,
187 1187 351 1247 comprobare
368 1184 497 1245 opiniones
509 1197 569 1229 suas
585 1191 690 1230 conatus
707 1186 751 1241 sit,
768 1187 813 1232 sed
831 1184 947 1246 tanquam

118 1274 287 1336 appendicem
312 1271 368 1318 illos
394 1270 436 1316 vel
462 1269 621 1330 disputationi
641 1266 768 1317 'addiderit
790 1270 831 1318 vel
852 1271 946 1331 possim

122 1356 201 1406 eidem
219 1359 359 1418 asperserit
375 1357 544 1403 condimenta:
569 1356 671 1416 primum
689 1358 761 1403 nobis
781 1372 812 1403 ex
828 1358 884 1417 ipsa
903 1372 946 1402 ex-

122 1445 246 1504 positione
269 1443 363 1511 critici,
390 1443 514 1504 quomodo
537 1441 651 1503 singulos
674 1440 746 1488 locos
769 1443 947 1503 interpretatus

121 1531 166 1585 sit,
191 1528 361 1589 divinandum,
389 1520 531 1584 et'deinde,
559 1543 617 1573 num
633 1534 704 1573 recta
721 1529 752 1573 sit
767 1528 809 1573 illa
824 1510 946 1588 interpre·
1013 1563 1016 1566 -

120 1616 189 1671 tatic,
199 1622 224 1659 et
229 1628 293 1674 quae
300 1613 325 1658 in
332 1614 418 1660 eadem
429 1614 535 1659 nitantur
546 1614 674 1674 opiniones
680 1615 726 1659 erit
733 1616 946 1674 perscrutandum.

183 1700 210 1745 ln
226 1699 351 1759 prioribus
368 1699 430 1746 locis
446 1706 588 1745 nostrarum
606 1698 781 1758 epistolarum,
801 1716 864 1761 quos
880 1702 947 1748 Baur

122 1787 236 1844 adduxit,
266 1793 292 1830 ut
310 1801 381 1830 suam
399 1786 430 1830 de
449 1786 588 1831 Pleromate
611 1786 780 1845 conjecturam
799 1789 946 1846 comproba-

122 1880 171 1926 ret,
196 1871 314 1930 scriptum
335 1868 440 1929 legimus
464 1869 515 1917 Col.
533 1869 618 1926 1‚·19:
649 1870 675 1915 in
693 1870 792 1916 Christo
808 1872 946 1920 inhabitare

122 1956 193 2016 ,mciv
210 1954 234 2000 ri]
252 1953 397 2014 nthpopa“‚
414 1963 439 1999 et
456 1954 507 2000 Col.
523 1955 550 2010 Ξ,
561 1954 588 1999 9ι
604 1954 628 1998 in
645 1956 732 2001 eodem
748 1956 861 2004 habitare
877 1961 946 2018 „miv

124 2039 149 2086 πὸ
174 2038 288 2099 πλήρωμα
310 2038 350 2095 τῆς
371 2037 481 2095 θεότητος
498 2039 650 2099 σωματικῶς,
686 2040 731 2087 καί
755 2042 807 2087 ἕστε
833 2044 858 2089 ἓν
881 2046 947 2105 αὐτῷ

122 2123 322 2184 πεπληρωμένοιίί
347 2123 417 2175 Quos
432 2123 503 2169 locos
520 2124 642 2184 quomodo
658 2110 834 2186 interpretatus
852 2129 884 2174 sit
899 2132 945 2175 cri-

122 2211 199 2268 ticus,
222 2214 249 2253 ut
272 2222 317 2273 sua
334 2209 421 2255 iisdem
439 2209 596 2256 confirmaret
616 2209 719 2270 placita,
745 2220 856 2259 nostrum
873 2216 946 2262 nobis

122 2297 227 2353 animum
246 2309 297 2339 nou
312 2297 473 2355 praesagire,
499 2311 549 2342 non
571 2311 719 2355 possumus,
745 2301 802 2358 quin
828 2301 945 2348 confitea-

122 2395 184 2425 mur.
215 2378 279 2422 Nam
303 2393 376 2437 quum
392 2379 459 2424 Baur
483 2380 585 2424 eosdem
611 2381 742 2426 adduxerit
758 2398 814 2428 eum
829 2385 854 2429 in
871 2385 944 2432 finem

122 2473 150 2512 ut
166 2465 360 2522 demonstraret,
383 2461 506 2510 Christum
524 2479 581 2510 csse
598 2464 801 2526 complementum
817 2469 878 2516 Dei:
902 2472 944 2519 iis-

124 2551 179 2596 dem
194 2549 313 2621 scriptum
328 2548 480 2609 invenimus,
512 2565 562 2595 non
592 2565 664 2597 esse
685 2551 808 2599 Christum
833 2554 856 2599 id
878 2558 944 2617 quod

98 2635 99 2638 ’
124 2633 248 2693 compleat
268 2633 359 2689 Deum,
385 2634 431 2679 sed
448 2634 587 2682 habitare
603 2636 651 2682 Dei
667 2638 780 2697 pleroma
795 2640 819 2684 in
838 2640 943 2688 Christo.

122 2720 186 2765 Nam
200 2717 332 2779 ,πλήρωμα
348 2719 388 2777 τῆς
402 2718 529 2777 ῇεότ·ητος“
546 2722 603 2781 quid
620 2722 686 2768 aliud
704 2732 743 2770 est
758 2725 804 2770 nisi
817 2725 942 2784 plenitudo

123 2803 254 2866 quaedam,
272 2816 336 2863 quae
353 2803 457 2864 propria
475 2811 513 2849 est
530 2788 677 2854 Divinitatis.
709 2809 792 2869 Atque
805 2810 870 2857 haec
882 2812 942 2872 ple-

120 2888 221 2943 nitudo,
243 2901 306 2947 quae
322 2887 446 2935 Divinitati
462 2898 513 2947 est,
541 2907 614 2952 quum
631 2892 745 2951 placeret
760 2893 815 2941 Dec
832 2904 857 2942 ut
873 2898 941 2945 inha-

120 2976 211 3022 bitaret
226 2973 251 3018 in
269 2971 379 3031 Christo,
397 2990 451 3021 eum
467 2960 590 3037 compleat
605 2992 711 3025 necesse
728 2987 777 3037 cst,
792 2980 816 3027 in
834 2998 882 3043 quo
898 2999 940 3029 νο,

120 3060 162 3107 luit
172 3060 252 3116 Deus,
267 3064 294 3103 ut
305 3059 392 3105 eadem
407 3060 562 3109 inhabitaret.
594 3062 680 3123 Itaque
695 3064 717 3112 si
733 3065 874 3114 inanitatem
886 3068 940 3128 cJ'us
