2035 3500
863 181 901 234 47

75 329 207 390 scriptam,
237 326 411 389 hominumque
432 329 545 388 peccatis
564 333 669 373 mortem
686 327 828 382 minantem,
843 323 900 374 tan-

75 430 146 478 quam
157 415 229 462 litera
245 421 295 472 est,
311 428 375 475 quae
391 427 481 460 servos
496 412 679 459 inobedientiae
696 421 774 458 morte
786 412 900 470 muletam

76 502 199 562 Christus,
216 517 289 565 quum
297 499 378 563 legem
389 501 484 549 dederit
499 517 548 548 non
557 507 695 548 atramento
711 500 839 562 scriptam,
852 502 898 548 sed

75 592 217 655 spiritudei
231 590 428 656 viventiequae
444 591 639 652 redemptionem
654 589 795 653 pronuntiet
808 603 900 651 pecea-

74 688 154 726 torum
171 663 295 732 elamitis
309 679 339 725 iis
356 679 396 740 qui
405 680 508 749 credant
517 679 541 725 in
559 678 723 735 Salvatorem,
739 678 841 740 spiritus
854 684 901 733 est,

75 767 116 830 qui
137 766 193 814 filiis
213 766 369 813 obedientiae
394 768 519 814 condonat
542 768 607 813 bona
634 767 701 814 vitae
720 781 752 814 ae
770 766 899 816 libertatis.

75 854 164 907 Quare
176 854 291 915 quamdiu
307 868 384 914 super·
403 869 447 901 oor
459 854 612 900 ludaeorum
628 852 740 899 velamen
751 854 835 914 praet,
852 854 898 899 sub

74 940 131 1001 lege
151 936 209 988 sunl
229 941 317 988 literae
332 941 347 988 i.
364 956 385 987 e.
402 940 528 987 servitutis
550 946 575 985 et
595 938 689 984 mortis.
720 938 771 985 Ubi
789 954 850 985 vero
867 939 899 984 ad

73 1028 204 1075 Dominum
220 1042 279 1075 sese
299 1010 478 1097 converterint⁷
499 1025 612 1074 velamen
629 1027 782 1082 detrahetur,
799 1027 812 1074 i.
821 1040 841 1073 e.
856 1025 899 1072 lex

74 1114 186 1162 mortalis
210 1123 235 1160 et
259 1114 361 1161 literalis
386 1110 547 1161 convertetur
567 1114 592 1161 in
612 1115 693 1175 legem
713 1113 850 1176 spiritalem
873 1121 898 1160 et

73 1200 178 1248 vitalem.
210 1201 331 1247 Dominus
348 1201 413 1247 enim
429 1208 468 1247 est
484 1201 585 1261 spiritus
601 1202 616 1246 i.
628 1217 650 1247 e.
668 1200 708 1267 ille
724 1200 840 1261 spiritus,
858 1200 900 1259 qui

73 1294 177 1332 mortem
185 1286 296 1347 expellit
307 1295 331 1333 et
347 1289 422 1333 vitam
437 1287 550 1333 restituit.
564 1314 596 1321 —-
612 1287 684 1339 Quae
701 1302 776 1347 quum
789 1286 824 1331 ita
841 1285 904 1354 sint7

74 1381 179 1433 apparet
188 1374 251 1434 jam,
268 1388 317 1419 uon
334 1373 375 1434 agi
392 1372 423 1416 ab
441 1370 556 1432 apostolo
574 1372 698 1419 hocloco
715 1373 746 1417 de
757 1371 839 1430 divina
853 1385 897 1417 na-

74 1467 129 1506 tura
146 1459 237 1505 Christi
253 1459 337 1520 quoad
355 1459 528 1513 substantiam,
544 1458 591 1504 sed
607 1458 638 1505 de
654 1460 762 1514 ratione,
779 1472 844 1520 qnae
860 1457 899 1503 in-

74 1548 188 1595 tercedat
213 1549 277 1594 inter·
302 1547 419 1609 Moysem
440 1539 571 1608 legemque
594 1546 707 1612 ejusdem
728 1545 852 1593 literalem
875 1554 900 1594 et

74 1635 199 1683 Christum
215 1637 339 1699 vitamque
360 1635 415 1697 ejus
437 1634 586 1697 spiritalem,
602 1650 667 1697 quae
683 1643 803 1683 cernatur
817 1635 841 1681 in
856 1634 898 1692 iis,

73 1725 114 1786 qui
129 1726 161 1771 ad
173 1724 305 1771 Dominum
322 1739 380 1770 sese
398 1723 575 1769 converterint.

135 1812 224 1871 Neque
241 1825 273 1856 ex
287 1818 375 1871 quarto
391 1825 467 1857 versu
480 1810 551 1871 primi
567 1809 655 1870 eapitis
670 1808 898 1869 epistolaeadRo·

72 1896 159 1946 manos
175 1903 259 1959 potest
277 1897 442 1943 demonstrari
459 1911 473 1942 a
490 1895 567 1942 Paulo
583 1896 698 1958 apostolo
714 1896 806 1943 nullam
823 1896 897 1944 aliam

74 1985 173 2031 Christo
189 1983 304 2029 tributam
320 1997 378 2029 esse
395 1984 537 2044 dignitatem
552 1985 599 2030 nisi
620 1985 727 2030 hominis
742 2000 757 2030 a
769 1985 825 2030 Deo
840 1999 898 2031 san-

72 2072 163 2118 ctitatis
180 2069 266 2129 spiritu
281 2068 336 2130 repl
352 2070 377 2115 ti.
408 2069 560 2117 Brevissime
577 2071 641 2117 enim
657 2072 828 2131 complectitur
838 2086 899 2132 apo-

73 2156 153 2204 stolus
168 2159 282 2203 naturam
302 2157 369 2217 ejus,
387 2157 418 2201 ad
435 2172 507 2217 quem
525 2155 679 2215 evangelium
695 2171 741 2215 per
760 2156 898 2217 prophetas

72 2243 202 2304 scripturis
223 2242 304 2287 sacris
325 2242 474 2301 promissum
494 2242 625 2303 pertineat.
658 2242 783 2304 Atqueid
799 2242 897 2304 quidem

71 2330 106 2375 ita
123 2326 207 2381 efficit,
224 2334 249 2371 ut
266 2325 340 2387 hujus
359 2327 481 2388 evangelii
498 2337 609 2374 extrema
626 2329 710 2389 eapite
729 2329 814 2390 eligat,
830 2345 898 2376 surn-

19 2408 21 2479 l
71 2430 185 2477 mumque
202 2413 375 2460 exinanitionis
385 2412 558 2476 Christiatque
568 2414 725 2463 exaltationis
735 2424 825 2463 statum
841 2426 899 2464 ante

72 2502 159 2552 oeulos
173 2508 251 2564 ponat
266 2500 409 2549 lectoribus.
442 2501 558 2551 Affirmat
577 2512 671 2565 autem,
687 2503 774 2551 Filium
789 2504 838 2552 Dei
855 2519 897 2553 se-

72 2594 179 2641 eundum
196 2605 296 2637 earnem
317 2599 401 2638 natum
417 2607 475 2639 esse
493 2608 524 2639 ex
540 2594 634 2640 semine
650 2592 763 2652 Davidis,
780 2594 897 2642 eundem·

72 2695 120 2743 que
141 2679 278 2726 seeundum
299 2681 411 2742 spiritum
431 2681 570 2727 sanctitatis
595 2697 609 2728 e
629 2683 815 2728 resurreetione
834 2697 898 2730 mor-

71 2777 169 2815 tuorum
185 2765 338 2813 declaratum
363 2783 420 2815 esse
439 2769 526 2815 Filium
545 2768 590 2816 Dei
610 2770 768 2831 inpotentia.
816 2770 898 2823 Quum

71 2855 145 2915 igitur
169 2863 346 2901 commemoret
368 2855 498 2916 apostolus
518 2856 621 2917 „Filium
648 2856 713 2903 Dete
730 2866 815 2902 natum
839 2871 898 2904 esse

72 2941 239 2995 seeundum
251 2954 380 2988 ‘earnem
402 2941 434 2989 ex
455 2944 550 2990 semine
568 2944 682 2999 Davidis3
697 2958 744 3004 per
765 2959 794 2990 se
810 2942 897 2990 intelli·

71 3027 145 3087 gitur,
162 3026 269 3072 discerni
293 3029 325 3075 ab
346 3029 434 3076 eodem
453 3029 555 3076 alteram
575 3031 698 3093 quandam
715 3029 807 3078 Christi
824 3029 896 3088 origi-

71 3128 136 3172 nem,
153 3126 290 3175 quaenon
312 3115 345 3160 sit
363 3117 499 3182 seeundum
519 3132 620 3165 carnem
642 3126 667 3165 et
688 3133 720 3164 ex
736 3116 829 3164 semine
845 3114 895 3161 Da-
