2035 3500
82 152 98 173 ²
117 146 167 232 aa
186 167 196 181 ·’

117 326 201 379 ,vidis
233 325 270 372 De
285 341 334 387 qna
351 334 452 372 aeterna
467 321 558 371 Christi
569 325 663 386 origine
680 325 761 379 sinon
778 335 847 373 esset
864 324 955 373 certior

131 414 213 460 factus
225 412 370 473 apostolas:
388 412 510 472 quomodo
526 413 610 458 dicere
622 413 754 473 potuisset,
769 411 894 459 Christum
911 427 955 458 na·

131 508 182 546 tum
193 513 251 546 esse
263 498 397 545 secundum
407 512 508 543 carnem
525 499 665 546 exsemine
677 498 797 546 Davidis?
814 497 877 544 Nam
891 512 955 558 quae
1017 528 1018 534 κ

130 582 252 647 ineptior,
275 583 381 645 exempli
398 586 491 646 gratia,
514 594 597 646 potest
617 586 720 647 cogitari
744 585 862 648 loquendi
881 584 955 641 ratio,

131 687 204 734 quam
220 671 335 732 Moysem
356 679 440 717 natum
463 687 521 737 esse
541 673 678 720 secundum
699 688 799 734 carnem
815 688 846 719 ex
862 673 956 720 semine

130 757 209 805 Levi?
225 757 316 804 Divina
331 760 404 820 igitur
413 758 505 805 Christi
519 760 732 822 generatioquum
744 776 776 807 ex
792 760 864 806 tertio
881 775 956 807 versu

133 846 194 894 satis
212 845 426 903 erat'manifesta‚
443 855 530 908 quarto
551 861 626 893 versu
647 848 733 909 adjicit
750 846 879 908 apostolus
897 862 955 905 non,

133 948 166 980 ex
188 926 236 995 qun
258 944 350 981 natus
370 935 401 981 sit
418 933 532 981 Christus
552 935 689 982 seeundum
711 934 833 995 spiritum,
855 936 902 982 sed
925 950 957 981 ex

132 1035 181 1081 quo
196 1019 274 1066 Filius
291 1019 338 1066 Dei
360 1021 544 1068 declaratus
557 1022 598 1068 ‘sit
614 1021 751 1072 secundum
772 1022 883 1082 spiritum
899 1037 956 1069 san-

133 1107 231 1155 ctitatis.
263 1106 349 1167 Itaque
366 1122 439 1167 quum
450 1122 529 1164 earo,
538 1123 611 1168 quam
626 1108 761 1169 assumpsit
771 1106 845 1156 Filius
854 1107 900 1154 Dei
916 1122 956 1154 ra-

133 1194 166 1241 tio
190 1202 273 1250 esset,
293 1193 430 1238 secundnm
450 1209 522 1256 qnam
543 1201 616 1239 natus
634 1194 666 1240 sit
683 1209 715 1240 ex
731 1196 825 1241 semine
841 1194 971 1243 Davidist·

132 1281 235 1342 spiritus
252 1279 389 1327 sanctitatis
405 1280 468 1327 ratio
488 1289 552 1337 erat,
568 1280 705 1326 secundum
725 1294 797 1341 quam
816 1281 956 1328 declaratus

132 1368 164 1414 sit
178 1367 255 1413 Filius
270 1365 317 1411 Dei
334 1381 348 1412 e
364 1369 548 1413 resurreetione
565 1374 724 1414 mortuorum.
949 1421 951 1424 .

195 1452 273 1499 Sicuti
295 1452 358 1498 eninr
379 1460 510 1513 peccatum
528 1468 619 1500 caussa
640 1461 679 1500 est
696 1453 793 1509 mortis,
821 1453 853 1498 ita
867 1455 957 1499 sancti-

132 1546 172 1585 tas
190 1553 282 1585 caussa
299 1545 433 1598 superatae
453 1540 540 1586 mortis
560 1540 614 1586 sive
630 1534 828 1586 resurrectionis.
862 1539 958 1592 Quodsi

132 1625 207 1684 igitur
222 1624 325 1684 spiritus
342 1624 495 1680 sanctitatis,
514 1627 631 1686 proprius
646 1624 700 1671 Filii
715 1625 774 1680 Dei,
796 1639 888 1672 caussa
904 1634 959 1671 erat

133 1710 257 1769 efficiens,
288 1719 316 1756 ut
337 1710 418 1771 gloria
440 1711 552 1771 ejusdem
578 1721 694 1772 tanquam
713 1711 766 1757 Filii
783 1710 829 1757 Dei
846 1726 859 1757 e
875 1726 958 1757 resur·

132 1797 245 1843 rectione
261 1804 413 1843 mortuorum
429 1796 570 1857 patefieret,
591 1813 673 1858 neque
690 1805 771 1844 tamen
796 1797 898 1858 spiritns
917 1796 957 1843 ille

132 1883 270 1932 sanctitatis
294 1899 386 1932 caussa
403 1891 458 1931 erat
474 1883 631 1946 principalis,
658 1893 684 1933 ut
704 1892 773 1932 esset
793 1884 891 1931 omnino
910 1883 958 1938 Dei

133 1972 216 2020 Filius.
249 1972 334 2020 Potius
350 1973 388 2030 id,
406 1973 543 2020 seeundum
560 1973 625 2034 quod
642 1989 691 2020 non
707 1982 780 2020 natus
798 1981 853 2020 erat
870 1988 902 2020 ex
918 1989 957 2020 se-

133 2061 198 2107 rulae
215 2058 329 2116 Davidis‚
346 2060 392 2106 sed
408 2059 544 2128 secundum
561 2059 627 2120 quad
642 2058 688 2105 Dei
706 2067 759 2106 erat
771 2060 862 2117 Filius,
879 2061 958 2121 prima

131 2148 248 2196 habenda
264 2154 303 2194 est
316 2162 408 2195 caussa
425 2148 491 2209 ejus,
508 2148 548 2209 qui
566 2147 589 2193 in
608 2146 695 2194 ecdem
708 2146 841 2206 invenitur,
858 2148 958 2207 spiritus

133 2236 281 2284 sanctitatis.
974 2296 978 2299 .

195 2322 251 2368 Jam
270 2337 331 2368 vero
353 2322 374 2370 si
398 2330 473 2381 negat
497 2319 694 2381 schweglerffl),
725 2320 776 2380 legi
802 2322 827 2367 iu
852 2322 958 2368 sinceris

133 2409 206 2457 Pauli
223 2406 348 2470 epistolis,
371 2406 495 2453 Christum
516 2406 547 2451 ab
565 2390 668 2453 aeterno
685 2407 874 2467 praeexstitisse
892 2409 958 2468 apud

133 2499 245 2554 Patrem,
270 2494 310 2542 vel
332 2511 377 2556 per
392 2492 439 2540 Dei
454 2492 539 2539 Filium
555 2494 670 2540 mundum
687 2508 744 2540 esse
755 2497 886 2540 creatum:
907 2493 959 2541 lon-

132 2601 190 2648 gum
211 2592 249 2631 est
270 2598 300 2629 ea
318 2589 447 2643 repetere,
478 2596 541 2643 quae
563 2594 639 2641 supra
664 2582 787 2629 adversus
808 2580 915 2627 Baurnm
933 2580 958 2627 in

134 2673 221 2718 eadem
235 2686 263 2718 re
279 2669 409 2717 tractanda
430 2667 616 2728 disputavimus.

195 2757 287 2803 Verum
303 2755 416 2818 quamvis
433 2745 580 2816 persuasum
601 2752 750 2814 habeamus,
781 2751 841 2799 nihil
862 2753 957 2813 praedi·

133 2857 207 2889 nasse
220 2842 321 2889 Paulum
344 2841 484 2903 apostolum
509 2840 621 2902 epistolis
639 2841 671 2886 ad
684 2839 813 2901 Ephesios
828 2846 853 2885 et
870 2837 958 2887 Colos-

133 2943 224 2978 senses
245 2929 276 2974 de
296 2937 384 2975 natura
401 2928 493 2976 Christi
509 2942 539 2975 ac
556 2927 686 2989 dignitate,
712 2925 778 2986 quod
798 2940 814 2971 a
830 2925 958 2975 christolo-

131 3048 286 3058 ——-—---—--

182 3117 217 3164 31)
244 3114 375 3165 Schwegler‚
394 3116 479 3163 nuchap·
494 3115 517 3151 Ζ,
531 3114 620 3157 l1.,289.
