2035 3500
833 174 868 227 13

7 334 9 337 ’
44 329 176 378 naverunt,
194 335 266 383 quum
287 318 425 367 seeundum
446 316 785 379 piacita‘Valentinianorum
802 336 869 382 mag-

43 411 100 459 num
122 425 168 471 per
187 409 306 470 temporis
322 406 442 466 spatium,
461 406 506 453 etsi
526 407 628 453 tacitum
646 405 795 452 desiderium
810 407 869 453 sub-

44 499 150 546 stantiae
167 495 255 544 summi
268 493 318 545 Dei
336 491 449 553 perfecte
465 494 660 555 cognoscendae
684 507 766 555 neque
787 501 868 541 tamen

44 565 164 631 effrenata
180 587 235 627 orta
252 586 322 626 esset
338 580 473 640 cupiditas:
490 581 521 626 ab
538 571 577 641 ca,
593 595 657 642 quae
672 580 782 626 ultimum
799 581 868 627 Aeo-

10 722 11 725 ,
42 687 98 720 uum
110 668 221 716 ordinem
230 675 306 722 tenet,
319 666 422 728 Sophia,
433 669 596 715 continentiae
606 669 687 730 legem
698 671 869 731 transgressa,

7 743 12 797 *s
42 755 169 803 harmonia
194 754 342 813 Pleromatis
371 761 440 799 certo
464 755 570 816 quodam
599 755 723 816 temporis.
743 765 867 804 momento

6 866 9 904 3
43 850 81 890 cst
92 843 255 903 perturbata.¹
268 841 340 894 Quae
350 841 542 901 perturbatiout
551 839 764 898 tolleretur,nova
776 843 868 890 Christi

9 943 12 983 j
43 938 67 976 et
77 930 184 990 Spiritus
201 929 307 974 sanctia
320 928 463 988 lilonogeue
472 927 727 988 Syzygiaproereata
739 937 786 986 est,
803 946 868 992 quae

43 1023 141 1069 ceteros
152 995 267 1070 Aeones,
282 1014 355 1075 Bythi
364 1012 536 1078 ἀκαταληψίαν
547 1015 663 1077 edoctos,
679 1031 816 1080 omnesque
832 1019 868 1066 in·

41 1101 869 1166 terseem‘tequatosinpristinamsilentiibeatitudiuemrestituitffl).v

5 1174 9 1181 ³
105 1186 182 1235 Simili
198 1189 272 1252 igitur
291 1189 365 1236 motio
381 1190 412 1235 ab
428 1197 531 1236 auctore
546 1197 688 1237 nostrarum
704 1193 867 1254 epistolarum

41 1275 91 1321 hoc
111 1277 218 1323 maxime
241 1292 330 1323 munus
350 1276 449 1323 Christo
469 1291 527 1323 esse
549 1276 667 1333 delatum,
694 1266 869 1325 Baur'stutiet

42 1350 224 1421 demonstrare,
256 1372 283 1411 ut
309 1348 479 1425 quaecumilue
510 1378 526 1408 a
548 1363 603 1409 Deo
629 1371 744 1426 tanquam
770 1380 866 1412 summo

6 1462 9 1494 ὲ
40 1465 121 1497 rerum
129 1451 250 1512 principio
268 1457 454 1506 emanaverunt,
472 1457 496 1497 et
512 1451 704 1511 perturbationis
722 1452 792 1498 vices
807 1452 866 1498 sub-

40 1537 133 1594 ierunt,
157 1537 182 1583 in
206 1538 335 1598 pristinam
358 1537 522 1583 conditionem
544 1538 659 1584 restituat
680 1544 755 1599 atque
778 1538 809 1583 ar]
829 1540 867 1599 ip-

41 1623 92 1671 sius
119 1625 271 1672 concordiae
295 1625 389 1672 fontem
409 1626 520 1683 reducat.
561 1624 642 1686 Hujus
665 1625 728 1671 eninr
749 1626 833 1687 operis
850 1642 866 1673 a

5 1700 8 1730 ³
42 1710 140 1759 Christo
157 1711 302 1772 perficiendi
316 1712 390 1759 finem
411 1720 498 1773 aperte
516 1710 668 1758 declaratum
684 1726 742 1759 esse
757 1712 822 1773 Eph.
842 1713 866 1771 1,

42 1798 85 1844 10:
112 1799 167 1859 „sle
183 1798 322 1862 οἰκονομίαν
339 1800 381 1848 τοῦ
400 1799 554 1863 πληρώματος
573 1800 620 1846 τῶν
635 1799 726 1860 καιρῶν
742 1799 867 1862 ἀνακεφα-

5 1882 8 1908 ⁵
40 1885 196 1940 λαιῶοασξναι
223 1884 253 1934 τὰ
278 1885 357 1934 πὰντα
378 1887 404 1932 ἐν
427 1887 460 1944 τῷ
478 1888 607 1946 Χρισνῷςῗ,
639 1894 663 1932 et
687 1884 741 1934 Col.
772 1885 798 1941 1,
821 1887 865 1932 20:

40 1972 80 2029 „6³
95 1968 171 2019 αὐτοῦ
178 1971 375 2033 ἀποκαταλλάξαι
388 1970 418 2018 τὰ
433 1971 513 2018 πάντα
528 1972 560 2026 εἰς
568 1970 657 2021 ἀύτὸν.
676 1972 717 2017 Ex
726 1974 789 2033 ipsis
802 1974 867 2019 enim

40 2061 123 2107 verbis
140 2061 192 2119 „ele
208 2056 348 2119 οἰκονομίαν
360 2058 407 2105 τοῦ
422 2058 576 2119 πληρώματος
592 2058 638 2105 τῶν
654 2060 766 2120 κοπρῶνι(
790 2075 867 2122 appa·

6 2164 8 2166 ’
39 2163 110 2207 rere,
134 2145 242 2194 officium
259 2144 353 2192 Christi
373 2145 408 2191 ita
425 2159 483 2191 esse
500 2145 682 2207 dispensatum,
713 2153 740 2192 ut
756 2148 780 2193 in
796 2146 867 2194 fluxu

5 2280 7 2293 ξ
40 2225 189 2297 temporum,
216 2247 280 2293 quae
302 2231 408 2277 invicem
431 2246 489 2278 sese
513 2233 650 2293 excipiam,
673 2234 819 2281 absolvatur
834 2251 866 2282 ac

40 2321 190 2382 perficiatur.
212 2317 307 2371 Quibus
325 2317 486 2378 temporibus,
505 2320 551 2366 etsi
567 2319 657 2380 pavide
674 2328 781 2377 tantum,
798 2320 865 2368 Aeo-

5 2452 7 2456 .
38 2424 85 2456 nes
96 2405 324 2454 Valentinianorum
340 2405 463 2468 denotari,
480 2407 547 2454 Baur
563 2408 706 2469 suspicatur
714 2410 759 2469 1³):
778 2408 867 2456 eximo

5 2527 7 2556 3
40 2496 96 2557 ipsa
111 2503 194 2542 tamen
212 2494 344 2540 verborum
360 2495 578 2557 interpretatione,
601 2511 764 2557 quaecunque
785 2497 867 2543 disse-

39 2584 117 2631 ruerit
139 2582 284 2632 denatura
306 2579 398 2627 Christi
424 2581 575 2629 discordium
595 2598 678 2629 rerum
705 2584 865 2645 restitutoriS,

40 2678 157 2734 tauquam
177 2667 259 2714 aliena
279 2682 296 2714 a
313 2667 381 2714 Pauli
399 2669 523 2725 doctriua,
553 2685 612 2718 esse
632 2669 759 2732 profecta,
777 2670 799 2717 si
816 2670 866 2718 dili-

40 2759 138 2820 gentius
156 2758 188 2809 ad
204 2756 395 2816 disputationem
410 2757 465 2818 ejus
485 2757 590 2805 animum
606 2758 785 2806 adverterimus
791 2795 799 2819 ,
820 2760 867 2806 erit

40 2844 204 2892 manifestum.
236 2843 298 2890 Nam
322 2844 344 2891 si
364 2844 443 2891 verba
466 2846 521 2903 „ele
537 2845 676 2908 οἰκονομίαν
694 2862 712 2894 t.
731 2854 768 2896 πλ.
788 2867 809 2898 r.
825 2848 867 2896 uf‘

5 3036 7 3039 ‚
67 3056 102 3106 12)
116 3055 143 3094 ci.
157 3054 366 3097 1ren.udv.r1aer.1.
381 3061 413 3104 2,5
428 3062 448 3096 et
461 3059 477 3098 Ι.
490 3062 524 3107 2,6

67 3122 102 3169 13)
129 3120 195 3166 Ram,
211 3118 289 3157 Paulus
303 3133 322 3168 p·
335 3124 386 3170 424;
400 3127 469 3163 annot.
