2035 3500
847 144 889 202 25'

58 277 184 369 plenitudo
202 297 365 360 corporaliter
380 300 406 344 iu
423 312 453 343 eo
467 285 563 342 habitet
576 302 604 341 ,et
620 293 735 355 quoniam
753 305 881 368 caputce-

59 388 165 446 clesiae,
193 388 302 433 membra
322 384 434 446 ejusdem
453 382 569 442 languida
586 396 617 427 ac
634 379 795 427 semimortua
811 396 881 428 resu-

58 476 131 523 scitat
148 482 173 520 et
189 475 273 530 divina
292 484 338 516 sua
358 467 439 537 replet
455 468 666 530 plenitudinet—
679 465 801 513 Ecclesia
817 468 880 526 sole,

59 577 131 623 quam
147 561 216 606 Baur
233 553 410 615 exaedificavit,
426 554 501 615 plena
520 563 572 611 est,
590 552 697 613 complet
713 553 777 599 enim
795 561 820 599 et
833 555 881 601 Dei

59 655 82 694 et
99 645 192 691 Christi
210 642 370 708 vac-uitatem.
403 640 530 697 Ecclesia,
559 642 630 702 cujus
651 641 783 701 imaginem
798 647 881 688 mente

58 745 104 780 sua
124 728 243 790 cogitavit
262 725 403 786 apostolus,
428 730 474 787 'per
490 742 519 773 se
537 728 673 788 eademque
688 727 777 788 capitis
794 742 881 789 egens,

57 822 124 866 iners
145 824 183 863 cst
204 817 296 874 corpus
316 827 347 858 ac
367 821 500 873 mortuum,
529 822 553 859 et
569 827 615 873 per
631 811 754 860 Christum
774 816 880 872 demum,

58 919 129 968 quem
146 909 222 964 caput
239 901 261 947 ei
277 901 347 947 Deus
365 899 442 957 dedit,
476 900 507 946 ad
530 902 644 961 corporis
665 909 799 947 revocatur
812 901 882 961 vigo-

58 1002 117 1040 rem.
151 990 232 1043 Quum
252 995 333 1034 autem
351 988 461 1034 ecclesia
477 1003 570 1047 corpus
588 987 633 1045 sit,
662 988 732 1050 cujus
750 994 825 1048 capnt
842 996 882 1034 est

59 1078 183 1126 Christus:
215 1078 296 1137 ipsam
324 1076 397 1141 etiam
429 1072 561 1122 ecclesiam
587 1076 790 1136 complementum
822 1090 881 1131 esse
907 1120 910 1125 t

35 1148 37 1152 Α
59 1165 163 1222 Christi,
190 1179 236 1225 per
257 1178 286 1210 se
305 1161 460 1222 intelligitur,
493 1164 606 1224 quoniam
628 1165 716 1225 capitis
739 1165 807 1211 notio
831 1179 880 1210 non

59 1261 139 1300 ruente
161 1260 246 1313 potest
270 1249 461 1310 comprehendi,
494 1251 541 1297 uisi
568 1252 681 1311 corporis
707 1252 777 1306 idea,
808 1251 881 1312 cujus

57 1356 117 1401 pars
140 1341 172 1386 sit
191 1322 346 1384 nobilissima
366 1344 455 1396 caput,
482 1338 607 1398 adjuncta
639 1338 724 1399 ltaque
747 1354 819 1398 quum
840 1354 880 1384 se-

15 1441 24 1482 j
58 1426 162 1471 cundum
181 1425 318 1484 doctrinam
333 1422 417 1478 Pauli,
437 1422 502 1474 iuter
517 1422 641 1469 Christum
658 1424 880 1485 atqueeeclesiam

58 1527 87 1558 ea
104 1511 200 1557 intersit
214 1512 290 1568 ratic,
313 1517 341 1556 ut
357 1510 467 1557 vicissim
481 1504 519 1556 sui
535 1510 646 1571 ipsorum
662 1511 790 1571 indigeant
807 1519 881 1573 atque

17 1594 18 1597 ¹
57 1608 84 1646 ut
97 1599 160 1645 alter
177 1599 301 1659 compleat
317 1598 421 1644 alterum
432 1613 569 1658 rursusque
581 1598 735 1658 compleatur
751 1601 782 1646 ab
791 1599 881 1648 altero:

17 1713 18 1716 =
58 1687 226 1752 quaerendum
239 1686 292 1747 jam
310 1692 366 1741 est,
389 1698 438 1745 qua
454 1686 550 1746 ratione
567 1685 631 1732 alter
647 1687 679 1733 sit
696 1685 797 1734 alterius
815 1703 880 1735 com-

17 1789 20 1824 3
58 1774 214 1836 plementum.
765 1837 787 1842 -

121 1864 161 1910 De
186 1876 234 1923 quo
259 1865 348 1919 magno
369 1860 557 1919 mysterionon
580 1861 738 1908 edocebimur
756 1860 831 1907 Bauri
857 1869 882 1907 et

57 1950 297 2001 Valentinianorum,
329 1960 449 1991 novarum
470 1961 553 1993 rerum
580 1948 728 2019 cupidorum
748 1946 880 2010 figmentis,

58 2038 104 2085 sed
126 2036 195 2083 Pauli
218 2043 331 2081 veterum
356 2031 536 2079 revelationum
561 2034 608 2080 Dei
631 2036 764 2082 tenacitate
788 2051 819 2081 ac
840 2035 882 2096 pia

58 2123 223 2171 observantia.
248 2118 386 2181 Apostolus
399 2120 474 2177 enim,
492 2131 519 2167 ut
533 2122 672 2182 vinculum,
689 2122 804 2183 quod'sit
817 2123 882 2168 inter

59 2212 184 2258 Christum
200 2217 224 2256 et
241 2207 385 2265 ecclesium,
408 2205 668 2271 dilucide-describat,
684 2208 709 2253 in
727 2207 833 2269 epistola
849 2210 882 2266 ad

16 2341 18 2345 ,
56 2299 180 2360 Ephesios
195 2297 224 2352 ὅ,
240 2292 343 2340 ‘ld—*23
363 2308 424 2338 usus
448 2301 487 2340 est
508 2295 662 2343 similitudine
682 2295 836 2342 matrimonii.
870 2329 871 2332 ,

119 2384 225 2430 alu-itus
242 2396 303 2434 vero
320 2388 394 2442 atque
409 2396 484 2438 uxor,
502 2380 574 2444 quum
586 2389 670 2429 ‘mutuo
680 2364 772 2429 auroris
786 2381 882 2429 vinculo

16 2481 17 2484 ’
58 2471 108 2517 sint
124 2470 264 2532 conjuncti,
282 2477 307 2515 et
320 2469 433 2529 corporis
451 2479 475 2516 et
491 2470 563 2516 animi
580 2471 775 2516 counnunionem
789 2472 883 2527 ineunt,

59 2558 201 2619 omniaque,
224 2563 360 2618 quaesunt
375 2556 477 2615 propria
495 2571 594 2614 eorum,
616 2557 680 2603 inter
697 2572 755 2603 sese
772 2572 884 2603 currimu-

57 2645 150 2691 uieant.
166 2690 168 2692 ,
182 2644 301 2697 Quamvis
317 2651 400 2688 autem
416 2642 497 2687 omnia
515 2645 661 2706 conjugibus
673 2644 884 2690 sintcommuuia:

58 2739 141 2778 tamen
162 2731 264 2778 maritus
285 2737 325 2776 est
344 2736 418 2789 caput
438 2718 537 2787 rixaris,
570 2731 609 2776 cui
634 2739 738 2776 uxorem
764 2732 837 2777 decet
858 2732 883 2778 in

42 2799 171 2865 omnibus
195 2819 270 2866 rebus
295 2832 354 2863 sese
382 2816 521 2877 subjicere·
552 2818 651 2864 Rursus
673 2819 817 2865 moritorum
839 2827 884 2880 est,

15 2935 17 2940 »
58 2910 85 2950 ut
101 2888 183 2950 ament
202 2920 296 2951 uxores
320 2911 435 2964 tanquam
452 2919 499 2950 sua
517 2905 626 2964 ipsorum
643 2920 759 2966 corpora.
799 2906 885 2967 ltaque

15 2979 16 2982 ¹
58 2989 138 3049 mariti
156 2998 207 3047 est,
241 3007 326 3038 amare
348 3007 452 3038 uxorem
469 3007 500 3037 ac
518 2992 666 3050 defendere,
690 2993 777 3040 uxoris
794 3007 883 3054 parere

59 3075 147 3124 marito
161 3069 277 3139 ‘ettmque
299 3081 385 3149 vereri.
410 3108 439 3113 -
468 3080 563 3126 Eadem
582 3087 609 3125 ut
627 3081 805 3127 communionis
820 3077 883 3124 ratio
