2035 3500
163 135 198 188 12

160 279 367 330 Baurverba-illa
382 279 431 342 „eci
445 277 524 325 aeluro
539 278 565 325 ἐϋ
580 278 766 340 ademauro&
782 279 936 343 periclitatus
948 288 986 327 est
1017 310 1018 313 =

163 372 288 419 deducere
299 383 331 415 ex
345 365 444 429 placitis
453 364 689 414 Valentinianorum.
708 367 784 428 Apud
795 368 843 415 hos
853 368 984 415 enim-eam

162 461 193 508 ob
212 472 328 506 caussam
340 451 464 502 Salvatori
481 466 621 513 cognomen
636 454 685 518 „rol
700 455 801 505 Hdora“
817 455 919 502 inditum
937 460 984 510 est,

162 548 220 610 quia
238 561 270 592 ex
286 551 336 590 toto
345 543 460 587 Aeonum
470 537 620 598 Pleromate,
637 559 710 604 quum
719 545 785 606 quod
802 543 890 604 cuique
903 539 989 587 Aeoni

162 642 231 684 esset
246 631 392 690 ,merome
412 624 455 674 καὶ
473 625 656 689 ἀνῇηρότατουίί
674 638 866 691 componeretur
884 643 916 675 ac
933 625 984 672 dili-

161 718 304 783 gentissime
321 716 522 777 conjungeretur,
540 722 579 762 est
594 717 791 777 procreatusffl).
823 717 862 763 Ab
879 719 983 762 auctore

160 817 242 856 autem
264 802 385 866 epistolae
407 802 439 848 ad
456 800 623 850 Colosseuses
641 819 693 850 non
715 812 853 866 propterea
870 801 984 849 Christus

161 898 242 944 dictus
259 899 298 940 est
314 889 360 951 „vd
376 888 455 937 πάντα
470 887 511 937 καὶ
521 890 546 937 ἐν
562 891 646 953 urdorf
662 893 729 953 quod
747 907 779 938 ex
792 891 905 938 omnibns
916 888 984 934 Aeo-

160 984 233 1031 nibus
245 980 364 1042 originem
382 976 488 1034 duxerit,
505 978 552 1024 sed
569 978 625 1040 quia
639 980 660 1026 is
678 979 717 1036 sit,
734 979 775 1041 qui
791 994 864 1041 quum
880 990 984 1037 regnum

160 1084 232 1117 suum
253 1081 331 1126 super
352 1065 434 1111 omnia
458 1071 558 1112 terrena
577 1081 656 1127 regna
676 1067 730 1113 sive
751 1066 906 1114 Graecorum
930 1063 984 1110 sive

160 1158 326 1207 barbarorum
342 1153 396 1199 sive
404 1150 568 1207 ludaeorum,
585 1152 709 1200 elevatum
718 1155 757 1215 sit,
776 1167 881 1216 etquum
890 1152 915 1197 in
929 1150 984 1204 ani·-

159 1246 206 1293 mis
223 1243 329 1291 omnium
345 1239 461 1294 fidelium,
475 1239 596 1286 naturalis
613 1239 653 1287 vel
664 1241 761 1302 gentilis
777 1240 879 1302 originis
897 1237 984 1284 discri-

158 1332 223 1378 mine
239 1328 391 1390 posthabito,
408 1327 475 1386 regis
491 1324 608 1388 fungatur
619 1343 730 1385 munere,
747 1329 925 1391 intergerinum
944 1341 983 1373 se-

158 1417 260 1481 pimenti
281 1415 403 1477 parietem
427 1413 589 1476 destruxerit,
613 1414 683 1477 (Eph.
704 1415 771 1478 nlo)
794 1416 810 1462 i.
834 1431 857 1463 e.
879 1421 982 1462 cunctas

158 1506 290 1557 nationeS,
307 1502 346 1546 sui
365 1500 453 1561 spiritu
469 1501 561 1547 amoris
581 1501 704 1563 repletas,
719 1503 803 1549 divino
820 1503 982 1549 fraternitatis

158 1590 257 1641 viuculo
273 1589 417 1636 correxerit
429 1594 454 1634 et
462 1603 507 1635 suo
519 1604 597 1650 regno
615 1591 683 1637 cives
693 1589 832 1638 inseruerit.
864 1591 920 1645 Quo
930 1589 982 1651 qui-

159 1678 256 1725 demin
277 1690 355 1737 regno
377 1674 469 1721 Christi
488 1690 537 1721 non
557 1676 608 1737 jam
630 1684 669 1722 est
685 1676 800 1724 Graecus
822 1685 846 1724 et
862 1677 981 1733 Judaeus,

159 1764 314 1812 circumcisio
327 1770 351 1808 et
359 1761 524 1823 praeputium,
541 1763 672 1821 barbarus,
683 1763 786 1824 Scytha,
798 1780 896 1821 seruus,
910 1763 981 1821 liber,

157 1854 205 1901 sed
221 1851 303 1898 onmia
320 1850 345 1895 in
362 1848 474 1895 omnibus
485 1847 607 1906 Christus,
624 1851 639 1897 i.
656 1865 679 1896 e.
696 1851 811 1908 omnium,
828 1831 909 1913 qui—ei
925 1856 981 1896 tau-

158 1955 231 2002 quam
245 1938 300 1997 regi
316 1937 502 1996 obtemperant,
518 1935 605 1982 animis
622 1936 728 1982 divinum
744 1952 815 1984 suum
825 1938 937 1999 spiritum
947 1937 982 1984 ita

158 2025 257 2085 infudit,
277 2030 304 2070 ut
323 2021 383 2069 nihil
400 2022 454 2083 jam
474 2021 507 2067 sit
527 2021 552 2067 in
572 2022 672 2080 iisdem,
695 2024 761 2084 quod
784 2025 872 2070 eodem
896 2031 982 2071 careat

157 2114 246 2177 spiritu
264 2119 289 2159 et
301 2110 367 2173 quod
384 2110 415 2156 ab
435 2107 546 2171 ejusdem
558 2116 641 2156 mente
655 2108 687 2156 sit
703 2108 815 2158 alienum.
849 2109 920 2164 Quae
931 2124 992 2156 om-v

156 2204 198 2249 nia
215 2215 289 2262 quum
305 2199 372 2258 apud
383 2196 572 2243 Valentinianos
588 2197 683 2245 frustra
699 2205 859 2259 quaerantur,
877 2214 892 2244 a
903 2197 980 2244 Paulo

156 2305 207 2337 non
223 2287 303 2335 solum
321 2284 376 2332 Col.
390 2282 513 2342 {na-12,
529 2285 574 2332 sed
592 2285 665 2332 etiam
681 2284 755 2335 Rom.
771 2285 840 2344 lim
857 2285 910 2333 Gal.
925 2285 981 2343 3,Ξὸ

157 2382 215 2423 suut
231 2373 328 2419 tradita.
975 2391 977 2393 ·

219 2462 307 2522 Neque
323 2474 385 2506 vero
402 2457 496 2514 solum,
513 2472 578 2519 quae
594 2472 610 2504 a
626 2457 808 2507 Valentinianis
828 2461 859 2507 de
880 2475 980 2507 enrana-

157 2550 264 2597 tionibus
281 2548 395 2595 Aeonum
412 2543 520 2591 conficta
536 2545 594 2604 sint,
611 2546 636 2592 iu
651 2546 744 2594 nostris
760 2548 880 2610 epistolis'
890 2549 980 2610 depre-

156 2636 231 2683 hendi
246 2635 368 2696 vestigia,
385 2648 472 2679 verum
491 2634 565 2681 etiam
587 2625 672 2681 eorum
694 2649 759 2696 quae
780 2636 811 2683 de
828 2636 931 2696 Christi,
947 2636 979 2682 ab

155 2723 241 2771 iisdem
259 2723 317 2785 fieti,
333 2722 486 2770 restitutorio
504 2721 607 2768 munere
623 2722 672 2769 sint
688 2724 828 2782 commenti,
837 2724 909 2773 Baur
927 2729 980 2791 opi.

156 2810 277 2873 naturss).
310 2811 337 2858 ln
359 2810 446 2859 ordine
467 2809 531 2856 enim
552 2808 679 2870 Aeonum,
700 2813 749 2874 qui·
764 2810 893 2876 ex‘Bytho
911 2814 979 2866 ema-

157 2953 308 2961 ——--—

182 3018 217 3067 10)
227 3018 280 3056 iren.
297 3019 342 3055 adv.
355 3014 413 3052 haer.
422 3015 440 3054 1.
454 3019 495 3061 ²:5-

182 3082 215 3131 11)
232 3082 294 3128 Baur,
310 3081 387 3119 Paulus
400 3092 419 3128 p.
434 3081 478 3116 424.
