2035 3500
157 151 194 204 14

155 313 207 345 non
223 298 258 344 ita
271 296 345 343 vertit
360 295 473 350 criticus,
489 298 516 338 ut
529 291 661 355 intelligat,
685 296 766 342 omnia
782 297 807 343 in
827 297 926 346 Christo
942 310 983 347 re-

157 387 242 433 stituta
259 399 318 431 esse
333 384 358 428 in
375 381 510 441 „Aeonum
528 378 702 440 Pleromate“,
725 383 782 445 quid
800 394 920 444 opnsest
933 386 983 434 hoo

157 473 213 519 loco
232 473 401 533 ambiguorum
420 467 532 527 ejusdem
549 470 681 516 verborum
698 465 847 531 apparatus,
870 486 942 549 quae
952 474 983 520 de

158 559 304 608 restituendi
322 570 435 613 munere,
458 556 524 617 qnod
541 555 652 617 epistolis
669 557 701 603 ad
717 556 841 619 Ephesios
856 567 880 606 et
898 559 983 607 Colos-

160 663 250 696 seuses
268 643 366 691 Christo
384 642 530 688 vindicatum
546 643 590 704 sit,
610 645 642 690 ab
659 660 689 696 eo
706 638 902 706 profundantur?
933 647 984 693 Ve-

159 749 213 782 rum
228 741 313 779 tamen
329 744 361 775 ne
380 729 489 776 distortis
510 729 607 791 quidem
626 731 723 778 Sacrae
739 732 885 793 Scripturae
901 734 984 780 verbis

161 820 242 868 effecit
264 818 388 875 cr¹itious‚'
406 825 433 863 ut
453 825 577 863 auctorem
598 826 740 865 nostrarum
757 819 916 881 epistolarum
934 821 985 867 imi-

161 917 237 955 tatum
254 920 313 952 esse
331 904 559 952 Valentinianorum
571 905 669 965 placita
678 919 679 922 ’
689 908 870 967 comprobaret.
897 907 985 953 Valen-

161 998 268 1043 tinianos
285 994 348 1039 enim
368 993 457 1039 nonin
476 991 574 1040 Christo
592 1001 730 1054 temporum
748 995 895 1056 quibusdam
913 995 986 1041 inter.

160 1082 233 1130 vallis
259 1079 373 1125 restituta
393 1094 451 1126 esse
473 1080 566 1137 omnia,
599 1082 644 1127 sed
663 1080 686 1126 a*
695 1080 794 1128 Christo
811 1096 898 1129 omnes
914 1082 987 1129 simul

161 1170 292 1218 restitutos
300 1166 403 1214 Aeones
421 1166 578 1223 Pleromatis,
601 1166 748 1227 tradidisse,
765 1177 854 1217 auctor
879 1177 918 1216 est
930 1171 987 1216 ‘ire-

162 1258 286 1319 naeuslt).

226 1343 279 1390 Sed
299 1342 354 1402 jam
376 1341 476 1386 criticus
494 1320 755 1397 noster‘dmtissimus
776 1356 848 1402 quam
866 1356 988 1403 peruerse

163 1434 309 1495 Scripturae
324 1429 402 1474 verba
416 1428 594 1489 interpretatus
611 1428 657 1485 sit,
677 1436 704 1480 ut
714 1427 812 1476 villorum
830 1428 988 1489 ambiguitate

163 1522 278 1585 placitum
303 1515 425 1580 quoddam
451 1530 539 1577 neque·
555 1512 781 1562 Valentinianorum
807 1531 888 1577 neque
912 1516 988 1562 disei-

162 1610 245 1672 plinae
263 1603 333 1652 Pauli
349 1610 554 1657 consentaneum,
572 1601 617 1647 sed
634 1616 649 1647 a
665 1617 694 1648 se
710 1603 765 1663 ipso
783 1602 891 1649 effictum
908 1598 989 1649 fimnet

164 1713 195 1744 ao
210 1694 339 1749 defendat,
360 1692 432 1738 nobis
450 1692 497 1737 erit
514 1690 740 1736 demonstrandum.
773 1690 801 1736 ln
816 1690 900 1736 verbis
917 1689 989 1746 enim,

165 1799 229 1846 quae
243 1783 359 1842 leguntur
374 1778 438 1839 Epir.
455 1777 481 1834 l,
499 1776 515 1822 9
533 1783 558 1821 et
574 1776 616 1821 lili
633 1769 663 1835 ἣν
679 1777 726 1833 (sc.
741 1775 862 1829 εὐδοκίαν)
878 1776 989 1836 προέθετο

165 1880 210 1931 (sc.
225 1867 315 1929 dasle)
331 1869 357 1914 ἐν
368 1866 434 1926 αὐτῷ
449 1866 481 1919 εἰς
497 1860 637 1924 οἰκονομίαν
653 1863 696 1910 σοῦ
710 1857 863 1924 πληρώματος
876 1863 922 1910 τῶν
938 1883 990 1910 και-

165 1962 224 2023 ρῶν,
249 1951 519 2013 ἅνακεφαλαιῶσασξοαι
541 1948 572 1996 τὰ
591 1944 708 1996 πάοπαεύ
723 1949 756 2008 τῷ
770 1949 878 2009 Χριστῷ,
909 1947 939 1995 adr
964 1949 990 1995 ἒν

166 2052 213 2101 τοῖς
230 2043 341 2104 οὐρανοῖς
356 2036 398 2086 καὶ
413 2036 443 2085 τὰ
458 2034 494 2084 ἐπὶ
510 2037 549 2095 τῆς
561 2038 619 2098 γῆς,
636 2042 719 2082 ml·
737 2034 902 2096 explicandis,
919 2049 991 2095 prae·

165 2132 304 2195 positiones
337 2126 412 2187 „ete-‘⁶
442 2131 467 2170 et
495 2119 565 2184 „2¹22ss
591 2121 740 2183 permutavit
776 2130 850 2183 atque
877 2135 932 2167 eam
959 2122 990 2167 ob

165 2235 218 2267 rem
252 2213 325 2275 „siff
354 2227 404 2260 non
436 2209 565 2273 conjunxit
594 2224 650 2255 cum
681 2206 818 2256 vocabulov
836 2207 991 2270 ,μεςροέξοετιοις

166 2308 213 2355 sed
230 2320 285 2351 cum
303 2296 631 2359 ,‚dvaascpotaz‹duau}ar“,
647 2302 677 2342 ‘et
690 2295 732 2341 -his
747 2295 854 2341 inventis
870 2297 992 2357 interpre-

168 2391 268 2440 tationis
290 2385 464 2444 levaminibuS,
495 2384 548 2443 „ele
568 2383 614 2431 οἰκ.
628 2387 709 2429 aad.
725 2401 746 2427 r.
760 2402 784 2428 κ.
810 2380 993 2441 ἀνακεφαλαιώ-

105 2477 110 2486 ”
168 2481 287 2535 σασῇαιῐί
302 2474 386 2521 vertit:
401 2472 443 2533 „in
460 2470 646 2530 dispensatione
662 2475 800 2528 temporum
816 2468 871 2514 sive
887 2482 993 2522 aeonum

167 2567 328 2615 1·estituere“.
360 2559 457 2606 Deinde
484 2564 509 2603 et
529 2555 708 2604 sententiarum
730 2570 821 2601 nexum
842 2570 892 2602 non
913 2553 993 2601 solum

167 2671 217 2702 non
235 2654 468 2699 observatumesse
482 2659 497 2690 a
512 2645 611 2701 critico,
627 2640 686 2689 'sed
704 2641 992 2705 gravissimeviolatnm,

169 2741 347 2803 unusquisque,
362 2735 404 2797 qui
418 2747 508 2781 versus
525 2731 703 2778 antecedentes
729 2736 824 2776 attento
841 2729 922 2774 animo
938 2743 993 2789 per-

168 2829 265 2890 legerit,
282 2822 356 2872 saoile
377 2826 524 2883 cognoscet.

233 2911 349 2959 Celebrat
377 2909 441 2955 enim
463 2914 552 2953 auctor
575 2903 696 2967 epistolae
718 2901 750 2947 ad
768 2900 894 2962 Ephesios
915 2901 995 2964 primo

170 3038 323 3051 ...,.-a-—-
360 3027 363 3035 r

196 3106 230 3154 lt)
257 3102 311 3141 lrrn.
332 3098 377 3136 adv.
391 3096 449 3133 lmer.
463 3095 491 3141 L,
508 3097 548 3139 25.
