2035 3500
895 97 931 177 aa

29 252 31 263 ²
94 259 148 328 fieri
164 259 203 306 vel
219 261 277 307 oriri
292 262 339 310 nisi
356 265 444 310 nostra
459 265 571 325 ipsorum
581 265 748 323 conscientia,
765 253 823 330 quia
834 260 926 329 omnia,
950 324 952 326 ,

95 356 160 408 quae
175 345 224 390 sint
241 347 366 408 potentia,
397 361 507 392 necesse
529 363 588 393 esse
604 350 629 402 in
645 345 727 394 iucem
742 353 865 408 prodeant
878 371 922 401 no-

94 443 162 483 strae
180 436 358 484 conscientiae.
392 435 546 485 Connubium
566 437 640 500 igitur
658 436 771 487 Hominis
791 448 816 490 et
836 440 923 493 Eccle-

23 538 26 563 :
94 521 161 576 siae,
195 538 269 582 quum
289 538 338 569 non
355 522 403 569 alio
420 526 493 578 modo
507 534 654 573 nasceretur
669 527 717 572 nisi
734 541 787 583 eo,
803 536 831 574 ut
846 531 922 577 mani-

92 603 184 648 festum
200 605 281 662 fieren
297 604 432 667 propterea
448 609 518 665 Vita,
536 626 569 655 ex
586 627 634 671 qua
650 612 710 656 iliud
726 613 863 667 emanavit,
879 613 922 658 lux

23 764 24 767 Ἴ
93 692 218 754 appellata
241 706 286 745 est.
320 697 391 752 Quae
415 698 458 746 lux
481 699 561 748 estid
580 717 641 763 quo,
674 717 837 767 quaeeunque
853 710 919 764 sunt,

92 778 251 828 innotescunt
267 784 442 832 conscientiae.

155 866 228 917 Quod
245 869 346 913 criticae
361 871 531 914 conscientiae
545 869 629 914 lumen
645 879 672 914 ut
687 874 868 934 extinguamus
884 878 917 920 ad

21 956 24 1006 j
91 952 196 1004 dilucida
217 959 295 1007 verba
320 959 399 1022 ipsius
420 957 529 1021 apostoli
547 974 617 1006 more
636 960 851 1012 consuetonobis
872 960 918 1012 erit

21 1029 23 1104 ζ
89 1043 243 1091 redeundum
285 1047 441 1093 Adher-tatur
465 1054 547 1092 autem
567 1046 696 1106 apostolus
716 1048 842 1108 Ephesios
857 1051 915 1096 inde

20 1148 23 1179 3
89 1127 121 1170 ab
137 1128 205 1172 initio
222 1129 310 1191 capitis
327 1131 415 1192 quinti⁷
432 1139 458 1176 ut
474 1141 590 1191 tanquam
606 1132 743 1178 imitatores
760 1134 808 1178 Dei
826 1136 919 1194 quavis

88 1217 227 1279 impuritate
246 1227 321 1282 atque
339 1220 454 1281 avaritia,
480 1220 621 1283 ceterisque
644 1222 757 1270 omnibus
773 1222 839 1272 vitiis
855 1237 915 1285 gen·
983 1258 985 1262 -

18 1351 21 1354 μ
88 1306 146 1349 tium
165 1304 314 1352 abstineant.
348 1307 411 1352 Eum
435 1308 499 1352 enim
516 1306 556 1366 qui
574 1309 630 1353 istis
652 1309 767 1367 peccatis
786 1298 845 1356 sese
862 1311 915 1370 pol·

86 1386 150 1447 luat,
165 1388 346 1437 haereditatem
364 1405 413 1436 non
428 1391 523 1436 habere
539 1391 565 1434 in
581 1404 659 1451 regno
677 1391 777 1439 Christi.
791 1393 833 1447 >Ae
848 1409 913 1439 sum-

17 1522 19 1525 .
87 1493 152 1525 mum
168 1478 265 1540 quidem
283 1465 342 1528 esse
358 1482 422 1527 inter
431 1479 587 1528 Christianos
604 1489 628 1527 et
644 1480 757 1528 ethnicos
773 1482 913 1542 discrimen,

85 1579 167 1624 neque
184 1553 215 1609 >id
239 1564 331 1623 levius,
364 1581 437 1625 quam
461 1567 526 1611 inter
545 1566 625 1625 ipsam
648 1566 728 1612 lucem
746 1576 771 1613 et
786 1571 912 1616 tenebras.
932 1603 934 1605 -

86 1648 170 1707 Quare
188 1664 261 1714 quum
282 1649 330 1714 ipsi
346 1650 471 1714 quondam
485 1650 606 1698 tenebrae
619 1649 739 1709 dissent,
769 1666 835 1698 nunc
850 1667 911 1700 vero

84 1741 125 1788 lux
139 1741 164 1786 in
183 1740 294 1801 domino,
320 1756 370 1787 non
387 1740 468 1787 solum
482 1739 544 1801 ipsis
559 1748 586 1787 ut
601 1740 687 1787 liberis
703 1740 767 1788 lueis
784 1740 910 1789 ambulan-

84 1827 141 1890 dum
162 1841 212 1871 non
234 1839 292 1871 esse
315 1827 340 1871 in
362 1826 471 1871 tenebris
494 1840 596 1883 operum
611 1815 838 1881 infructuosorum
864 1829 913 1873 sed

12 1921 15 1945 ³
83 1914 165 1977 potius
175 1927 253 1975 opera
269 1911 317 1960 ista
327 1911 436 1975 gentium
451 1911 483 1960 ab
497 1910 559 1975 ipsis
576 1924 633 1959 esse
650 1911 829 1961 convincenda.
846 1911 910 1960 Nam

83 2018 147 2065 quae
170 2000 268 2047 occulte
292 2000 352 2046 fiunt
368 2016 414 2060 per
442 2000 565 2057 ethnicos,
596 2000 639 2046 vel
662 2000 746 2046 dicere
770 2009 843 2061 turpe
864 2009 910 2050 est

10 2134 12 2146 ξ
83 2087 171 2132 Omnia
185 2100 247 2131 vero
263 2084 329 2130 haec
344 2085 450 2145 flagitia,
477 2101 550 2144 quum
566 2084 747 2130 convincantur
762 2085 910 2143 per-lucem,

82 2174 303 2231 manifestabunt,
323 2170 379 2220 nam
395 2188 467 2220 omne
484 2171 551 2235 quod
568 2168 741 2219 manifestatur
756 2168 799 2218 lux
816 2177 862 2220 est.

9 2307 10 2312 ,
142 2261 188 2307 Vis
202 2262 277 2319 igitur
298 2259 417 2306 estlucis
436 2260 573 2319 evangelii,
593 2266 620 2305 ut
635 2258 734 2306 occulta
754 2259 907 2306 ethnicorum
960 2293 964 2303 .

8 2374 10 2398 s
81 2345 176 2412 flagitia
203 2345 228 2393 in
248 2343 327 2393 lucem
350 2343 486 2408 protrahat.
519 2343 575 2390 Lux
596 2350 677 2388 autem
698 2343 808 2389 cernitur
834 2349 859 2389 et
882 2344 908 2388 in

81 2437 158 2483 verbo
178 2443 203 2482 et
227 2436 252 2482 iu
270 2436 318 2481 vita
336 2435 426 2481 civium
446 2435 517 2495 regni
539 2432 639 2482 Christi.
670 2434 756 2496 ltaque
776 2448 850 2494 quum
864 2431 908 2480 lux

81 2536 178 2574 eorum,
201 2520 242 2579 qui
259 2520 385 2564 ambulant
399 2523 425 2565 in
441 2519 497 2565 luce
514 2519 624 2573 Domini,
649 2508 673 2563 in
688 2520 805 2564 tenebras
821 2518 907 2565 infide·

7 2597 8 2623 ³
79 2610 136 2658 lium
152 2607 264 2656 immittat
279 2606 376 2666 radios,
402 2604 535 2656 manifesta
554 2604 635 2654 reddit
652 2601 691 2653 rel
711 2618 752 2668 ea,
775 2618 840 2669 quae
854 2603 906 2655 foe.

6 2754 7 2757 Ἰ
80 2698 150 2743 [liora
164 2704 236 2747 sunt,
253 2710 327 2755 quam
343 2712 407 2757 quae
424 2697 508 2742 verbis
526 2696 623 2755 possint
639 2694 749 2753 exprimi.
770 2694 827 2740 Lux
841 2696 906 2742 enim

5 2768 7 2816 ἷ
78 2797 127 2832 non
149 2780 230 2846 solum
250 2779 355 2828 illustrat
375 2781 433 2829 vitia
447 2780 555 2843 gentium
574 2781 617 2834 iis,
648 2779 689 2840 q'ui
707 2781 732 2825 in
747 2778 806 2824 luce
822 2781 906 2825 ambu-

77 2868 142 2926 lant,
167 2873 215 2919 sed
230 2871 272 2919 vel
286 2872 310 2918 in
328 2871 423 2918 medias
440 2872 571 2928 tenebras,
590 2869 646 2917 filiis
663 2867 847 2916 inobedientiae
864 2883 905 2915 oc-

1 2948 6 3008 t
78 2956 158 3001 cultas
183 2964 299 3015 penetrat
323 2958 443 3016 ipsasque
468 2957 586 3001 tenebras
603 2956 712 3003 discutit.
746 2956 831 3008 Quare
849 2953 905 2998 luce

1 3061 3 3063 “
78 3044 196 3103 efficitur,
211 3051 238 3092 ut
252 3045 370 3094 tenebrae
387 3043 466 3108 magis
479 3041 606 3106 magisque
622 3047 794 3106 permutentur
809 3034 905 3087 inlutis
