2035 3500
184 268 268 331 Atque
289 268 414 315 hactenus
435 267 466 312 de
485 265 602 320 universa
619 273 648 313 et
665 266 779 315 Asiatica
799 265 886 313 orienti
907 279 947 312 ec.

122 355 203 412 clesia
220 362 258 401 ac'
270 354 301 407 de
318 360 448 402 sacrorum
457 349 581 399 'librorum
594 346 702 400 Conone*
714 342 844 414 opiniones
859 352 948 400 Tubin-
1010 346 1018 391 s

122 442 247 504 gensium.
279 441 364 488 Nostri
376 440 429 501 jam
447 444 499 498 cst,
515 446 542 484 ut
563 440 594 486 de
617 442 709 488 ceteris
723 439 772 487 hoc
788 434 847 486 loco
864 430 948 485 tacea-
1010 447 1012 489 ζ

120 545 186 587 mus,
202 526 337 590 propositi,
353 522 465 585 singulas
481 525 601 584 rationes,
612 526 680 589 'quas
696 525 764 573 Baur
781 527 812 572 de
827 524 948 586 epistola·
1014 549 1016 551 -

120 632 175 663 rum
185 616 217 662 ad
228 614 427 660 Colossenseset
436 611 657 674 Ephesiosorigine
670 612 769 659 eGnosi
775 612 950 658 Valentiniana
1015 669 1016 672 Ἴ

122 696 269 750 deducenda
281 696 396 761 protulit,
414 697 552 760 diligentius
567 715 696 760 exponere
710 706 784 760 atque
799 698 950 746 examinare.

120 814 122 818 ,
185 787 214 833 ln
231 787 319 848 qudvis
340 793 423 833 autem
437 786 588 832 instituenda
610 781 776 847 disputatione
800 780 901 841 critica,
917 799 949 830 ne

122 874 217 921 frustra
228 889 307 935 opera
318 865 645 936 consumatur,'grauissimi
653 880 692 920 est
699 872 823 928 momenti,
841 877 868 917 ut
876 870 951 932 quae-

123 978 182 1008 nam
198 962 231 1008 sit
246 975 333 1007 norma
348 967 379 1006 et·
389 958 460 1021 quasi
475 959 570 1020 Lydius
585 957 658 1020 lapis,
675 959 707 1004 ad
721 972 794 1019 quem
809 958 950 1006 sententiae

123 1047 326 1094 adversariorum
341 1047 471 1106 exigantur
485 1061 518 1092 ac
531 1053 664 1104 tententur,
678 1060 729 1093 non
746 1043 826 1092 solum
843 1041 948 1106 eligatur
1011 1045 1018 1070 Ἴ

122 1148 155 1179 ac
171 1133 317 1193 simpliciter
331 1133 543 1193 designetur,'sed
560 1131 600 1179 vel
614 1134 645 1178 ab
655 1133 717 1193 ipsis
725 1130 951 1179 adversariis‘vera

123 1227 197 1282 atque
213 1219 343 1266 immobilis
364 1224 522 1280 agnoscatur.
556 1218 641 1272 Quare
658 1219 680 1266 si
696 1215 801 1282 quetuor
816 1217 864 1264 illis
881 1214 951 1265 Pauli
1016 1252 1018 1257 .

123 1306 245 1366 epistolis,
261 1309 293 1353 ab
311 1305 532 1365 omnisubditiciae
544 1305 647 1365 originis
659 1304 761 1364 alienis,
778 1320 834 1351 eum
842 1305 867 1351 in
876 1303 951 1352 finem
1014 1320 1018 1340 ³

122 1399 232 1448 utemur,
252 1398 279 1437 ut
302 1407 335 1438 ex
353 1390 449 1439 iliarum
468 1399 571 1449 natura,
588 1405 651 1453 quae
672 1406 687 1437 a
706 1391 790 1438 Bauro
805 1391 839 1438 in·
856 1392 950 1439 nostris

124 1478 237 1540 epistolis
258 1480 331 1525 obvia
350 1479 489 1527 abhorrere
511 1494 527 1525 a
544 1477 613 1525 Pauli
633 1480 730 1525 ratione
751 1479 859 1525 docendi
875 1486 950 1541 atque

125 1579 158 1610 ex
176 1564 225 1610 alio
242 1566 349 1626 quodam
368 1565 510 1627 theologiae
527 1560 620 1627 genere
636 1565 695 1613 esse
710 1562 849 1625 repetenda
866 1566 949 1613 existi·
1014 1609 1016 1626 ἰ

59 1669 61 1672 ·
122 1658 189 1697 mata
206 1659 271 1708 sunt,
283 1654 425 1701 accuratius
434 1654 612 1716 ponderentur,
627 1653 663 1699 nil
672 1653 739 1715 quod
750 1650 835 1699 careat
843 1654 949 1714 probatu
1014 1660 1016 1671 ¹

122 1753 170 1785 nos
187 1753 343 1799 supponere,
357 1756 506 1801 persuasum
523 1741 595 1788 nobis
611 1746 658 1786 est.
690 1737 811 1787 Nam‘vix
829 1741 951 1802 estquod

123 1827 266 1883 timeamus,
286 1842 319 1873 ne
341 1828 372 1873 dc
392 1829 450 1888 ipsa
469 1828 650 1888 interpretandi
671 1822 877 1876 ratioue'nostro
897 1827 951 1889 J'am
1015 1819 1017 1865 Ϊ

124 1913 236 1969 saeculo,
251 1913 293 1960 ubi
309 1914 334 1959 in
350 1913 459 1975 quolibet
468 1912 531 1960 libro
547 1912 695 1974 explicando
711 1914 758 1961 nisi
774 1929 790 1960 a
805 1929 882 1961 sensu
898 1913 951 1961 lite·

123 2000 170 2047 rali
185 2000 227 2046 vel
243 2000 379 2061 gramatico
397 2007 471 2062 atque
489 2001 520 2046 ab
539 2001 596 2061 ipso
613 2015 680 2046 nexu
695 2001 833 2047 verborum>
844 2000 877 2045 ad
893 2016 951 2048 sen·

123 2103 186 2145 sum,
203 2102 276 2148 quem
287 2087 422 2149 spiritalem
431 2094 531 2145 vocant,
548 2086 755 2148 proficiscendum
764 2101 816 2133 non
824 2101 891 2144 esse,
900 2102 950 2135 ma·
1017 2116 1018 2120 =

123 2175 203 2220 ximus
220 2176 253 2219 sit
270 2189 419 2232 eonsensuS,
437 2175 603 2224 dissideamus
621 2189 676 2221 cum
692 2174 865 2221 adversariis

185 2260 240 2306 Jam
261 2262 365 2321 primum
381 2262 463 2319 Baur,
480 2278 545 2323 quae
567 2269 656 2308 auctor
677 2261 949 2323 epistolarumnostra-
1017 2316 1018 2321 ¹

122 2362 176 2393 rum
188 2348 334 2394 disseruerit
351 2349 382 2393 de
392 2362 501 2408 persona
511 2349 612 2405 Christi,
629 2350 660 2394 ab
676 2345 756 2409 ipsius
765 2348 835 2394 Pauli
844 2349 950 2409 apostoli
1017 2355 1018 2359 ’

125 2434 238 2481 doctrina
253 2434 385 2480 admodum
407 2435 548 2495 suspicatur
567 2448 626 2482 esse
646 2433 734 2481 aliena.
767 2434 869 2485 Paulum
886 2434 950 2485 enim

124 2522 171 2568 etsi
181 2522 219 2579 iis,
237 2537 301 2583 quae
317 2523 414 2584 abipso
427 2523 586 2584 conscriptae
598 2528 705 2579 exstent,
714 2521 827 2570 ‘sinceris
837 2524 949 2585 epistolis

126 2608 283 2655 Salvatorem
312 2609 475 2657 humanorum
498 2611 677 2673 prophetarum
700 2611 780 2658 ordini
807 2610 951 2671 exemisset,

124 2709 204 2756 neque
214 2702 296 2743 tamen
307 2696 398 2744 talibus
408 2697 513 2745 eundem
528 2712 667 2745 exornasse
679 2698 811 2759 attributis,
825 2697 861 2746 'ex
871 2682 950 2746 trans·¹

125 2783 265 2830 condentali
280 2784 386 2846 quadam
402 2785 507 2846 sumptis
524 2786 642 2846 regione,
659 2784 741 2848 qualia
758 2783 914 2833 invenientur
924 2788 948 2835 in

124 2868 236 2931 epistolis
253 2872 284 2916 ad
302 2870 470 2921 Colossenses
485 2879 510 2919 et
524 2872 659 2935 Ephesios.
692 2867 820 2932 Leguntur
836 2876 901 2921 enim
917 2875 949 2923 de

125 2955 225 3003 Christo
245 2956 353 3006 exaltato
371 2959 434 3022 Eph.
452 2960 586 3022 l‚20:„...
602 2957 696 3021 ἐγείρας
716 2958 790 3010 αὐτὸν
812 2962 839 3011 ἐκ
858 2963 949 3024 νεκρῶν

123 3042 165 3094 καὶ
189 3043 305 3099 eadmer
323 3046 348 3092 ἐν
368 3046 434 3107 δεξίᾳ
457 3047 579 3095 adrodit)
601 3052 647 3103 τοῖς
666 3049 823 3112 ἐπουρανίοις,
840 3048 949 3111 ὑπεράνω
