2035 3500
873 188 917 242 33·

83 355 137 389 cum
160 337 244 385 verbis
261 335 351 398 »ἐδόξνη
371 334 473 395 ἡχάρις
490 331 577 392 αὕτη..
599 331 727 394 portuum.
761 334 845 387 Quare
860 337 910 385 hoc

12 433 15 490 }
81 427 137 472 loco
157 439 238 486 neque
255 424 285 469 de
302 422 350 468 fine
368 420 560 480 dispensationis
576 418 698 480 mysterii,
715 433 796 480 neque
812 420 844 467 de
860 421 909 470 fine

14 537 16 549 ,s
82 511 215 562 creationis
235 508 317 553 mnndi
338 515 377 553 est
396 521 492 553 sermo:
508 507 554 553 sed
574 506 604 552 dc
621 506 670 552 fine
686 503 910 566 patefactionis

82 593 277 654 dispensationis
293 592 412 652 mysterii.
448 592 515 637 Finis
532 598 613 638 autem
631 591 867 651 our-patefacienda
880 597 912 641 sit

81 679 191 742 mysterii
213 677 367 740 dispensatio
390 678 421 723 ab
444 677 575 739 apostolo,
596 677 637 724 hic
659 688 710 737 cst,
735 685 762 724 ut
783 663 911 742 multiplex

12 759 18 814 ᾗ
81 767 205 831 sapientia
221 766 270 814 Dei
284 767 426 825 innotescat
443 765 607 813 dominatibus
624 766 781 816 coelestibus.

135 852 199 903 'Jam
221 871 282 902 vero
308 853 439 916 splendida
461 854 536 901 Bauri
559 855 737 916 disputatione,
758 871 806 917 qua
825 857 911 904 verbis

82 943 190 1006 apostoli
206 943 269 990 lucis
288 943 390 990 obduxit
410 939 553 1001 caliginem,
568 943 674 998 omissa,
691 942 723 989 ad
740 942 814 989 alium
830 941 912 989 locum

14 1025 16 1043 ³
83 1031 257 1092 explicandum
274 1039 443 1084 transeamuS,
464 1042 536 1088 quem
557 1044 589 1075 ex
610 1028 715 1091 epistota
737 1029 770 1075 ad
785 1028 911 1090 Ephesios

82 1119 114 1165 ad
131 1118 248 1180 figmenta
264 1131 311 1163 sua
320 1116 506 1177 comprobanda
520 1116 606 1163 attulit.
639 1118 742 1179 Legitur
756 1123 839 1163 autem
846 1117 911 1179 Eph.

14 1212 17 1225 ³
81 1204 203 1261 4‚8-10:
219 1201 276 1264 „Ani
284 1202 371 1265 de'yer“·
386 1201 491 1265 Ἀναβὰς
502 1205 534 1259 εἷς
545 1201 608 1265 ὕψος
617 1203 803 1267 ἠχμαλῶτευσεν
820 1204 910 1265 αἰχμα-

82 1290 173 1338 λωσίαν
183 1288 225 1338 καὶ
240 1285 319 1337 ἔδωκα
334 1288 429 1350 δόματα
442 1294 489 1344 τοῖς
505 1289 665 1351 dospdnore‘t
698 1288 731 1337 Τὸ
748 1286 774 1335 δὲ
789 1287 875 1350 ἀνέβη,
891 1290 915 1336 rt'

16 1387 18 1391 ’
82 1378 132 1424 ἐστι
141 1377 161 1423 εἰ
174 1376 207 1436 μὴ
218 1372 252 1422 dn
261 1373 304 1422 καὶ
312 1374 400 1436 κατέβη
416 1377 507 1435 πρῶτον
517 1377 549 1430 εἰς
558 1375 589 1423 τὰ
604 1374 726 1435 κατώτερα
732 1373 791 1435 μέρη
800 1375 840 1432 γῆς
853 1376 910 1436 γῆς

78 1465 108 1509 ‘O
117 1459 271 1522 δὲκαταβὰς,
288 1459 417 1514 audaciadure
433 1458 476 1507 καὶ
492 1460 610 1522 ὃάναβὰς
625 1460 735 1521 ὑπεράνω
752 1459 849 1507 πάντων
865 1462 912 1508 τῶν

16 1554 18 1574 ³
82 1546 205 1607 οὐρανῶν,
224 1542 265 1591 ἵνα
280 1544 391 1606 πληρώσῃ
408 1543 437 1591 roi
453 1545 566 1592 moinru“.'
589 1546 645 1598 Quo
654 1547 680 1591 in
695 1545 752 1591 luco
763 1545 912 1606 explicando

84 1639 214 1691 tantopere
230 1631 295 1675 inter
311 1644 370 1676 sese
390 1631 483 1677 distant
498 1632 661 1692 interpretes,
676 1638 702 1676 ut
718 1631 790 1683 alteri
807 1632 911 1678 eundem

83 1719 115 1767 ad
137 1718 286 1766 descensum
304 1716 396 1765 Christi
425 1718 457 1765 ad
482 1717 588 1774 inferos,
612 1716 683 1766 alteri
708 1718 741 1766 ad
762 1718 911 1769 descensum

18 1866 19 1869 Ἰ
84 1810 196 1872 ejusdem
218 1822 232 1854 e
249 1806 327 1853 coelis
346 1808 370 1854 in
390 1815 483 1857 terram
505 1808 622 1857 reserant.
653 1808 736 1870 Atque
754 1816 841 1856 noster
856 1808 912 1856 illos

17 1887 21 1931 ἶ
83 1895 353 1958 sequiturinterpretes
364 1894 470 1941 criticus.
504 1896 623 1948 Quamvis
635 1896 699 1941 enim
710 1897 841 1952 concedat,
858 1911 913 1943 ver-

17 1991 21 2040 j
83 1981 242 2044 sumlpsalmi
259 1979 313 2040 (Ps.
330 1978 428 2041 68,ltt),
446 1981 486 2042 qui
503 1982 625 2027 adductus
641 1981 673 2026 sit
689 1981 720 2027 ab
737 1990 842 2028 auctore
860 1983 913 2044 epi-

19 2062 21 2064 *
83 2069 164 2117 stolae
181 2068 214 2114 ad
228 2066 367 2127 Ephesios,
385 2082 435 2113 non
458 2074 576 2127 spectare
600 2066 632 2113 ad
655 2067 805 2115 descensum
822 2068 914 2116 Christi

84 2157 118 2203 ad
138 2154 247 2202 inferos:
269 2161 353 2200 tamen
368 2152 483 2199 Harlessi
501 2154 730 2212 interpretationem
750 2154 864 2214 recipere
884 2171 913 2202 sc

19 2277 21 2297 y
83 2258 134 2289 non
151 2258 229 2302 posse
247 2240 387 2300 profitetur,
403 2246 540 2299 propterea
560 2239 626 2300 quod
641 2239 683 2285 hic
699 2238 757 2299 ipsa
773 2241 913 2289 descensus

84 2328 180 2373 ratione
196 2342 246 2372 non
262 2326 360 2390 habita,
378 2324 552 2386 explicandum
574 2340 632 2371 esse
655 2324 721 2370 illum
742 2324 839 2382 locum,
855 2342 914 2387 sup,-

83 2414 203 2475 posuerit.
235 2413 320 2466 Quare
340 2412 398 2472 quia
415 2410 465 2457 vult
481 2411 557 2467 Banu,
574 2419 600 2457 ut
618 2411 758 2457 descensus
776 2411 868 2459 Christi
883 2414 916 2459 ad

84 2499 179 2545 inferos
196 2498 237 2545 illo
247 2499 304 2545 loco
314 2498 476 2557 desingnatus
486 2497 526 2554 sit,
543 2512 652 2543 necesse
663 2503 708 2550 est,
724 2504 752 2542 ut
763 2497 812 2544 hoo
824 2499 916 2557 dogma

84 2584 175 2629 ibidem
193 2591 281 2629 exstet.
315 2582 470 2643 Praestigiae
487 2590 582 2639 autern,
605 2584 692 2644 quibus
706 2581 827 2642 placitum
843 2598 916 2629 suum

19 2682 23 2722 ’ς
85 2670 231 2729 comprobet
248 2670 357 2724 criticus,
373 2669 422 2720 hae
438 2673 540 2722 sunt20).

20 2818 22 2820 .
116 2756 207 2804 verbis
223 2753 339 2819 »ἀναβὰς
355 2755 386 2811 εἷς
401 2751 465 2816 ὕψος
481 2752 668 2818 ᾐχμαλώτευσεν
686 2751 876 2815 αἷχμοιλωσιάν(ζ
892 2756 917 2804 id

86 2844 230 2907 significari,
244 2845 310 2909 quod
319 2843 433 2892 Christus
443 2845 602 2901 descenderit
611 2843 642 2890 ad
652 2840 757 2905 inferos
765 2850 793 2892 ut
802 2846 916 2909 captivas

86 2932 181 2979 animas
190 2933 308 2981 liberatas
321 2948 406 2981 secum
417 2933 558 2983 reduceret.
575 2932 627 2991 „At
636 2946 700 2994 quae
709 2931 773 2980 ratio
786 2933 918 2983 intercedit

112 3129 149 3180 20)
163 3130 225 3176 Baur,
239 3130 317 3169 Paulus
330 3134 376 3179 430,
391 3136 435 3172 431.
