2035 3500
101 149 121 202 4

100 296 221 343 tissimum
238 296 387 361 spargenda
407 307 525 340 sunnnam
543 307 645 354 operam
665 293 841 356 collocabat2).
872 294 929 361 lanr-

27 372 33 379 ’
99 400 161 431 vero
177 385 201 430 in
219 381 325 429 ecclesia
341 390 365 429 et
382 381 453 451 Pauli
469 395 549 427 novae
567 380 722 443 profitendae
738 380 795 428 lidei
814 382 926 441 fervore,

100 479 125 518 et
145 470 313 517 Ebionitarum
334 476 447 517 veterum
467 467 565 530 Moysis
588 463 765 517 institutionum
785 470 927 529 retinenda-¹

99 575 153 605 rum
170 574 269 615 amore,
287 558 433 604 acerrimum
452 557 578 603 dissidium
595 565 706 603 exortum
725 563 824 615 essetl),
848 557 927 604 critici

99 648 171 694 nobis
200 646 300 692 student
327 643 495 703 persuadere,
523 644 590 704 quod
609 651 651 690 aut
670 651 853 706 rruuqumnaut
870 659 926 706 per·

100 749 189 793 magno
207 733 303 777 dermrm
320 731 440 791 ternporis
457 731 538 790 spatio
556 716 691 791 interjecto
703 732 810 779 futurum
827 732 925 790 fuisset,

99 829 125 866 ut
139 830 344 882 componeretur,
368 819 415 864 nisi
436 819 467 863 ab
488 826 593 879 utraque
611 826 695 878 parte,
721 819 928 867 concessionibus

100 909 247 970 quibusdam
263 907 371 954 vicissim
387 907 548 968 interpositis,
566 906 707 966 dogmatum
725 907 839 954 affectata
856 917 926 956 esset

102 996 243 1043 concordia.
293 994 363 1046 Quae
386 994 483 1055 quidem
505 993 642 1040 concordia
662 994 696 1040 ita
716 994 805 1042 effecta
824 1004 875 1053 est,
899 1003 926 1043 ut

99 1084 230 1130 Ebionitae
247 1081 402 1127 abstinerent
422 1081 453 1126 ab
470 1081 629 1127 observanda
646 1081 840 1131 circumcisione·
852 1092 925 1146 atque

100 1187 116 1218 a
132 1169 201 1216 Pauli
222 1168 369 1215 auctoritate
392 1168 574 1229 impugnanda,
599 1175 624 1212 et
640 1169 680 1230 qui
696 1184 711 1214 a
729 1169 797 1216 Pauli
818 1171 926 1231 apostoli

99 1259 211 1320 partibus
227 1257 339 1313 stabant,
356 1256 492 1302 doctrinam
509 1255 620 1317 ejusdem
637 1255 668 1301 de
685 1254 741 1317 lege
761 1258 884 1304 abolenda
902 1266 926 1324 et

101 1348 131 1392 de
145 1345 262 1406 operibus
281 1343 468 1389 contemnendis
485 1343 626 1404 mitigarent
647 1350 722 1405 atque
737 1344 769 1391 ad
786 1343 925 1392 catholicae

100 1434 226 1482 ecclesiae
247 1431 395 1479 formandae
415 1446 486 1476 usum
507 1429 670 1491 applicarent.
920 1419 924 1423 ’

162 1521 217 1568 Hac
240 1526 322 1565 autem
345 1518 441 1565 ratione
465 1534 538 1580 quum
558 1517 702 1567 Judaisnius
723 1519 837 1568 doctrina
854 1521 924 1567 Pauli

100 1607 209 1671 apostoli
228 1623 278 1654 non
298 1613 430 1668 superatus
450 1613 523 1667 atque
539 1607 692 1667 exstirpatus
711 1608 756 1654 sed
770 1609 852 1670 potius
869 1625 924 1656 cum

101 1697 187 1743 eadem
205 1695 288 1741 unitus
311 1700 380 1740 esset
398 1700 422 1739 et
441 1694 547 1739 mixtus:
572 1708 637 1740 nova
659 1696 780 1756 quaedam
796 1697 924 1758 religionis

99 1783 139 1831 vel
158 1781 332 1844 philosophiae
354 1780 453 1842 species
482 1782 626 1838 exstiterat,
657 1797 705 1843 qua
723 1782 924 1835 Christianismus

100 1878 124 1917 et
140 1886 156 1916 a
167 1869 278 1932 judaicis
295 1875 320 1914 et
338 1869 369 1913 ab
388 1868 491 1914 ethnicis
507 1868 680 1914 additamentis
696 1877 830 1932 purgatus,
849 1873 924 1920 abso-

98 1959 166 2005 lutae
183 1956 309 2017 religionis
325 1954 429 2000 formam
445 1954 528 2000 induit.
544 1953 640 2023 'Gnosis
656 1955 733 2015 enim,
750 1973 836 2019 quum,
854 1973 869 2005 a
885 1961 924 2021 ju-

100 2046 171 2091 daica
181 2042 299 2105 religione
314 2050 385 2099 nata,
402 2057 417 2088 a
434 2042 538 2104 positivo
549 2040 714 2089 Israelitarum
731 2042 798 2090 cultu
806 2043 852 2091 Dei
866 2061 925 2094 sese

99 2133 272 2187 abdicaverat,
289 2130 454 2192 ethnicaeque
472 2128 662 2190 philosophiae,
681 2137 705 2176 et
722 2131 882 2181 occidentalis
899 2141 924 2181 et

101 2217 242 2274 orientalis,
266 2216 364 2277 placitis
382 2217 478 2276 nutrita
491 2224 555 2264 erat:
582 2215 732 2264 christianae
748 2219 854 2267 maxime
868 2221 926 2271 reli·⁴

100 2307 179 2368 gionis
201 2303 338 2358 doctrinam
361 2303 406 2350 sibi
427 2304 550 2365 adjunxit,
576 2310 603 2349 ut
621 2303 672 2349 veri
690 2320 720 2350 ac
743 2307 835 2354 sinceri
853 2308 924 2356 Chri·

101 2391 221 2440 stianismi
237 2390 368 2449 imaginem
390 2389 430 2436 vel
450 2404 540 2452 novam
556 2398 772 2450 repraesentaret,
798 2394 840 2440 vel
854 2403 924 2442 vete·

99 2495 151 2526 rem
167 2477 321 2538 maculisque
332 2476 442 2538 judaicis
459 2477 608 2538 inquinatam
624 2480 817 2543 restaurarat).
836 2483 923 2547 Itaque

100 2566 212 2613 Gnostici
229 2572 254 2611 et
269 2558 398 2612 „ludaismo
418 2571 442 2610 et
450 2564 601 2611 Ethnicismo
619 2572 644 2611 et
656 2564 843 2616 Christianismo
860 2578 923 2619 tam-

99 2669 172 2715 quam
196 2650 326 2698 absolutae
350 2651 477 2713 religionis
501 2653 539 2699 usi
562 2660 619 2700 sunt
640 2655 783 2713 momentis,
815 2672 879 2718 quae
898 2660 922 2705 in

99 2755 175 2787 verae
193 2740 319 2801 religionis
341 2747 431 2787 natura
446 2740 618 2801 componenda
638 2749 663 2788 et
679 2740 808 2792 sublevata
825 2751 849 2790 et
865 2759 923 2792 con·

102 2892 255 2900 .------

148 2980 171 3027 2)
199 2977 328 3027 thweglcr,
349 2980 435 3029 nachap.
450 2981 472 3018 Z.
486 2981 503 3017 l.
519 2984 563 3021 147.
578 2993 635 3029 seqq.

149 3043 172 3091 3)
200 3040 227 3077 id.
241 3041 266 3086 1,
286 3045 328 3079 156.
345 3056 400 3092 seqq.

147 3106 170 3155 a)
198 3104 226 3143 ia.
240 3103 266 3139 11.
280 3106 325 3141 aaa.
