2035 3500
865 163 903 216 43

35 326 36 329 ¹
76 309 154 358 stolas
170 317 271 358 nostras
287 313 444 373 conscriptas
461 295 548 369 ‘esse,'
568 309 705 358 concedat:
720 308 769 356 hac
781 310 902 374 hypothe-

24 428 26 433 .
76 411 136 445 seos
156 412 219 446 snae
238 400 418 461 temperatione
439 399 510 460 ipsas
531 397 676 459 exegeticas
691 410 763 454 suae,
790 413 853 460 quas
870 402 901 448 de

26 538 28 548 ι
73 484 171 543 placitis
189 485 375 531 Valentinianae
392 485 509 531 Gnoseos
528 486 554 530 in
575 484 688 544 epistolis
704 485 798 531 nostris
812 487 903 546 depre-

73 549 213 615 hendendis
237 570 397 630 conjecturas
422 570 557 624 effinxerit,
583 583 612 614 se
635 569 799 614 destruxisse.
839 571 902 616 Nam

27 638 45 704 ζ’
74 656 96 704 si
112 655 181 719 prius
197 664 327 721 utramque
345 656 475 721 epistolam
492 662 638 720 conceptam
656 671 715 707 esse
731 656 833 707 criticus
849 659 902 722 opi-

27 809 28 812 *
72 753 158 803 natur,
174 762 248 810 quam
264 747 429 795 Valentiniani
444 745 661 809 philosophemata
677 762 723 794 sua
743 751 903 812 excogitave-

27 822 28 827 ’
73 833 133 878 rint:
167 848 212 881 eur
235 835 369 881 eorundem
389 841 501 882 veterum
528 842 603 894 atque
622 833 686 879 adeo
710 835 901 883 novissimorum

27 909 28 961 J
73 918 278 979 philosophorum
304 921 388 981 adegit
412 920 503 979 placita
526 921 558 963 ad
580 918 702 977 epistolas
725 919 783 965 illas
805 921 902 966 alienae

27 996 28 1066 ζ
73 1004 221 1064 cognitionis
239 1004 365 1051 thesauris
386 1005 428 1050 vel
442 1003 632 1063 locupletandas
653 1001 693 1047 vel
710 1002 903 1063 depravandas‘l

74 1092 196 1148 Quoniam
211 1102 292 1144 autem
309 1094 388 1154 Bam,
406 1101 432 1142 ut
448 1109 518 1143 suam
535 1093 613 1142 satis
630 1092 807 1156 comprobaret
821 1093 901 1159 hypo·

73 1182 168 1239 thesin,
203 1183 331 1230 doctrinae
363 1182 470 1244 apostoli
497 1198 529 1228 ex
555 1182 784 1229 Valentinianorum
813 1167 902 1245 suique

72 1269 151 1328 ipsius
166 1268 302 1329 figmentis,
329 1270 467 1316 addidisset
481 1270 617 1317 nimium:
650 1270 774 1330 quomodo
787 1269 842 1316 fieri
859 1287 902 1330 po.

73 1355 129 1411 tuit,
151 1361 178 1400 ut
194 1355 347 1414 superfluum
361 1355 435 1411 illud,
460 1356 526 1415 qnod
542 1355 597 1414 ipsc
614 1354 693 1401 attulit
710 1356 825 1415 criticus,
851 1372 901 1402 non

28 1441 29 1449 ¹
71 1440 152 1499 ipsam
178 1440 290 1499 ejusdem
310 1441 341 1486 de
357 1439 453 1499 origine
470 1438 630 1498 epistolarum
645 1446 788 1484 nostrarum
804 1442 902 1500 opinio-

72 1543 128 1576 nem
149 1524 256 1590 proluat.
289 1527 375 1593 ltaque
398 1528 420 1577 si
442 1535 512 1576 certo
535 1527 607 1577 nobis
632 1527 805 1591 persuasisset
825 1527 900 1590 Baur,

27 1641 29 1666 r
75 1625 176 1664 exstare
191 1615 233 1663 illa
251 1625 275 1664 et
289 1616 516 1664 Valentinianorum
533 1625 557 1663 et
565 1617 731 1666 recentiorum
742 1616 902 1681 philosopho-

27 1697 29 1748 ἒ
73 1719 127 1749 rum
147 1703 240 1764 placita
266 1705 333 1764 apud
354 1711 482 1750 auctorem
505 1703 664 1764 epistolarum
684 1704 715 1767 ad
733 1704 858 1764 Ephesios
875 1714 901 1752 et

28 1813 29 1852 3
73 1789 252 1835 Colossenses:
267 1805 315 1836 nos
331 1791 526 1836 concederemus
538 1805 645 1835 necesse
655 1796 719 1845 erat,
738 1790 840 1849 easdem
851 1792 901 1850 epi-

73 1873 152 1919 stolas
175 1873 218 1919 vel
242 1874 360 1934 aequales
384 1889 443 1920 esse
462 1876 591 1919 veteribus
615 1874 662 1918 illis
685 1873 827 1932 Gnosticis,
860 1875 902 1920 vel

28 1956 30 1989 ³
73 1968 160 2010 nostro
175 1958 279 2010 saeculo
299 1975 315 2009 a
330 1959 423 2010 criticis
440 1958 639 2024 Tubirrgensihus
660 1974 718 2010 csse
735 1959 901 2025 conscriptas

29 2065 30 2074 ¹
73 2051 166 2097 Verum
185 2051 238 2112 J‘am
261 2065 303 2108 ea,
329 2065 403 2113 qnam
418 2049 586 2108 absolvimus,
612 2050 778 2112 disputatione
793 2051 902 2100 liberare

73 2139 210 2204 studuimus
227 2145 252 2184 et
269 2138 382 2185 criticum
394 2146 506 2184 nostrum
528 2145 553 2183 et
571 2137 691 2197 epistolas
708 2137 777 2183 Pauli
793 2139 901 2199 apostoli

29 2222 30 2238 ³
74 2240 150 2271 onere
166 2223 219 2280 illo,
237 2239 285 2284 quo
303 2224 420 2282 oppressi
437 2230 506 2278 sunt,
522 2223 711 2269 redundantiae.

134 2308 218 2369 Atque
234 2309 258 2352 iu
274 2308 361 2352 iisdem
379 2308 493 2367 epistolis
510 2322 525 2352 a
542 2309 671 2367 gnosticae
686 2308 835 2367 cognitionis
847 2307 901 2367 ple-

28 2416 30 2419 ⁴
72 2394 183 2443 nitudine
199 2393 381 2454 exornandis,
399 2393 471 2460 juvat
488 2393 658 2443 antecessisse
674 2393 747 2442 nobis
764 2407 834 2452 euni,
861 2393 903 2458 qui

29 2525 30 2547 q
72 2486 219 2547 ingeniosae
238 2485 315 2532 Bauri
332 2486 478 2546 disciplinae
500 2486 604 2532 criticae
620 2493 714 2532 certam
731 2492 756 2531 et
772 2483 901 2544 copiosam

29 2561 30 2632 ζ
73 2572 204 2620 formulam
229 2567 400 2620 sollertissime
422 2574 571 2634 composuit·
605 2571 751 2633 Schwegler
774 2572 838 2618 enim
860 2571 901 2617 ubi

29 2685 30 2699 t
73 2659 164 2722 agit²⁷)
191 2659 221 2704 de
241 2659 335 2720 origine
355 2659 513 2720 epistolarum
530 2660 562 2705 ad
578 2658 704 2720 Ephesios
724 2665 749 2704 et
765 2657 901 2705 Colossen-

75 2761 132 2805 ses,
157 2744 242 2789 laudat
258 2746 356 2804 quidem
372 2745 497 2797 Bactrum,
526 2745 567 2805 qni
584 2744 698 2805 gnostica
713 2744 738 2789 in
752 2744 842 2789 iisdem
858 2745 902 2790 ob·

73 2831 113 2877 via
133 2829 239 2893 vestigia
259 2830 478 2876 demonstraverit:
513 2844 594 2893 neque
617 2837 700 2875 tamen
721 2828 835 2875 omnibus
851 2842 901 2874 ma·

29 2952 31 2954 ·
73 2920 144 2983 gistri
160 2921 199 2968 sui
213 2920 290 2969 critici
306 2919 404 2969 videtur
420 2919 494 2968 fidem
511 2919 626 2968 tribuisse
643 2917 810 2983 opinionibus.
846 2919 901 2967 Om-

74 3046 226 3054 ...n—-

124 3107 160 3156 27)
187 3106 318 3157 Schwegler‚
335 3109 422 3157 rechap.
437 3108 560 3154 z,11.,327>
575 3120 630 3158 seqq.
648 3114 702 3161 etp.
717 3113 758 3153 330,
771 3079 825 3162 seqq.
