2035 3500
98 103 207 183 'aa

169 275 202 322 sit
216 275 291 322 inter
317 275 442 323 Christum
467 281 491 320 et
512 272 657 330 ecclesiam,
691 275 819 342 apostolus
848 253 995 324 adhdrtatnr

169 362 265 410 fideles.
297 363 376 409 Sicuti
400 362 462 408 enim
483 374 576 421 corpus
603 359 726 407 ecclesiae
746 363 920 422 receptiveet
938 380 995 425 pro·

171 452 268 497 ductive
286 465 345 497 scsc
362 449 435 509 gerit,
460 463 534 508 quum
551 463 567 494 a
583 450 665 517 capite
682 447 781 496 Christo
798 458 823 497 et
843 464 953 497 amorem
971 460 995 498 et

170 539 236 585 dona
259 538 353 599 gratiae
375 534 494 596 accipiat,
525 550 663 597 rursusque
690 549 799 584 amorem
822 536 945 599 iidemque
972 540 995 586 ei

171 626 272 673 afferat:
303 625 368 671 idem
391 609 445 669 fere
461 623 486 669 in
504 623 656 670 matrimonio
672 623 713 671 illo
729 623 768 681 fit,
796 627 864 686 quod
881 625 995 674 Christus

170 714 238 759 inivit
253 693 316 757 'cum
338 710 455 756 ecclesia.
486 710 549 754 Nam
567 708 681 755 Christus
697 711 800 756 maritus
817 719 856 757 est
872 711 996 759 ecclesiae

170 806 195 845 et
220 805 295 857 caput
313 796 453 852 ccclesiae,
485 796 605 857 siquidem
622 796 699 856 diligit
715 797 849 844 ecclesiam
866 806 890 845 et
905 806 995 846 semet-

170 887 251 947 ipsum
271 900 317 946 pro
340 900 370 930 ca
385 884 497 943 tradidit,
513 890 540 928 ut
560 889 672 928 sanctam
689 897 743 928 eam
760 885 865 942 reddat,
895 894 920 932 et
934 885 995 943 vult,

172 982 199 1019 ut
221 988 286 1018 uxor
310 971 421 1017 ecclesia
446 970 495 1031 ipsi
520 977 609 1030 pareat
632 977 747 1031 tanquam
777 973 875 1019 domino
904 979 929 1018 et
953 987 994 1019 ve-

169 1058 303 1115 recundia,
321 1073 386 1118 quac
397 1058 469 1103 decet
488 1058 604 1113 eandem,
622 1072 676 1102 eum
693 1058 813 1104 aestimet.
831 1058 995 1121 ltaqueChri-

170 1153 223 1191 stus
252 1159 345 1205 corpus
369 1159 440 1190 suum
472 1142 616 1203 (ecclesiam
631 1148 757 1205 uxorem),
783 1145 825 1191 ubi
849 1144 994 1209 imbecillius

169 1232 262 1279 factum
280 1232 339 1290 erit,
357 1246 389 1276 ac
405 1229 570 1291 languescere
590 1230 701 1291 coeperit
716 1229 756 1277 vel
773 1232 921 1288 exanimari.
934 1246 994 1277 enu-

168 1321 237 1379 triet,
261 1318 355 1365 fovebit
376 1325 401 1364 et
420 1316 560 1366 calefaciet.
607 1317 740 1364 Ecclesiae
757 1327 845 1365 contra
861 1304 994 1365 tacendum

169 1414 222 1462 est,
249 1405 367 1467 loquente
387 1397 504 1461 'Christm
536 1405 673 1464 parendum
697 1404 719 1450 si
742 1404 849 1466 imperat
873 1404 993 1451 Dominus

168 1494 192 1554 (l
211 1492 269 1540 Cor.
287 1494 327 1548 14,
346 1487 396 1551 34.)

230 1579 313 1640 Atque
327 1579 393 1624 haec
409 1578 506 1639 quidem
521 1577 588 1624 notio
605 1576 736 1633 ecclesiae,
755 1593 810 1624 cum
827 1559 927 1623 Christo
944 1592 994 1623 ma·

168 1667 215 1713 rito
234 1667 391 1728 conjunctae,
406 1680 488 1727 neque
497 1665 671 1716 Gnosticorum
685 1680 767 1725 neque
784 1665 994 1721 Montanistorum

170 1754 249 1815 (quod
266 1753 335 1800 Baur
355 1753 494 1813 contendit)
516 1761 555 1798 est
569 1752 678 1812 propria.
710 1753 773 1798 Nam
790 1752 856 1812 apud
872 1752 920 1799 lros
938 1751 994 1799 silet

169 1840 293 1898 Christus,
308 1840 478 1888 vociferantur
488 1840 615 1894 mulieres;
631 1838 678 1885 illis
688 1839 785 1885 omuino
797 1854 846 1885 nou
858 1847 897 1887 est
912 1838 993 1887 eccle·

168 1929 213 1984 sia,
230 1929 276 1974 sed
284 1928 426 1989 „spiritales
435 1927 574 1982 homines“,
590 1926 631 1987 qui
640 1934 749 1987 coquunt
760 1926 866 1984 fabulas,
880 1933 905 1973 et
917 1943 991 1988 „psy-

170 2013 258 2073 chici“‚
274 2016 316 2075 qui
332 2014 475 2074 plectuntur
491 2012 644 2058 commentis.

231 2098 323 2146 Paulus
333 2106 416 2145 autem
432 2098 561 2159 apostolus
569 2097 716 2144 matrimonii
731 2096 798 2143 illam
808 2099 991 2146 similitudinem

169 2202 200 2233 ex
210 2187 297 2232 Veteri
308 2187 468 2231 Testamento
485 2186 616 2245 repetitam
632 2185 662 2230 de
675 2184 776 2231 Christo
789 2186 847 2231 dixit
861 2193 935 2247 atque
952 2202 992 2233 ec·

168 2272 252 2322 clesia.
284 2273 364 2319 Nemo
384 2273 448 2318 enim
465 2279 515 2331 est,
531 2286 603 2331 quem
619 2270 707 2332 fugiat,
726 2272 751 2316 in
768 2271 798 2320 V.
817 2272 845 2318 Τ.
862 2272 991 2320 Dominum

166 2360 248 2405 Deum
263 2359 386 2419 appellari
406 2359 519 2405 maritum
534 2358 634 2405 israelis
652 2357 697 2417 (cf.
713 2357 766 2404 Jes.
781 2358 850 2415 54‚5;
867 2359 927 2408 Hos.
942 2360 992 2416 29.

168 2429 239 2505 etc.),
257 2452 332 2508 atque
348 2445 438 2508 ubique
458 2460 473 2491 a
491 2444 621 2507 prophetis
636 2445 739 2503 foedus,
755 2446 820 2509 quod
837 2446 907 2493 icerit
922 2446 992 2495 Deus

166 2536 190 2582 in
205 2542 288 2583 moute
299 2534 368 2582 Sinai
385 2549 441 2581 cum
453 2534 582 2594 Hebraeis,
599 2534 686 2582 vocari
703 2535 890 2593 matrimonium,
906 2536 991 2599 inquo

167 2623 208 2670 ille
230 2625 315 2685 ducis,
330 2624 419 2672 tutoris
441 2632 465 2671 et
483 2623 569 2671 ultoris
587 2633 673 2686 partes
693 2631 764 2687 agat,
778 2624 804 2671 hi
824 2627 991 2673 verecundiae

168 2727 199 2758 ac
214 2711 271 2759 fidei
282 2713 386 2761 -vinculo
410 2713 489 2760 eidem
509 2713 558 2760 sint
578 2714 695 2760 obstricti.
725 2714 842 2761 Ecclesia
857 2714 932 2774 igitur
947 2713 990 2761 lie·

104 2807 106 2810 “
167 2801 264 2860 braica
274 2817 346 2864 quum
368 2801 441 2848 fidem
464 2801 567 2849 laeserit
584 2802 687 2849 Domino
706 2803 801 2858 datam,
818 2800 990 2850 fornicationis

166 2902 213 2934 rea
228 2887 255 2933 fit
270 2896 294 2935 ct
310 2905 407 2949 poenas
424 2888 468 2936 luit
484 2889 529 2950 (cf.
549 2890 600 2937 Jer.
611 2890 686 2952 3:20).
704 2917 733 2925 —
750 2889 804 2935 Jam
822 2889 862 2935 ubi
876 2888 923 2936 Dei
938 2890 990 2952 ple-

166 2975 252 3023 nitudo
268 2976 430 3038 corporaliter
446 2977 590 3024 inhabitavit
606 2978 632 3024 in
647 2975 720 3022 Filio:
740 2976 765 3023 in
781 2975 893 3025 Jehovae
908 2976 990 3024 locum

168 3064 295 3113 successit
317 3063 442 3126 Clu-istus,
473 3067 497 3112 in
516 3066 598 3112 locrnn
624 3064 708 3127 populi
724 3064 853 3124 Hebmiei,
881 3062 990 3112 ccclesia
