2035 3500
880 171 917 224 53

92 318 157 365 xime
173 315 240 360 'inter
251 312 365 361 ethnicos
380 315 558 364 incrementum
571 318 678 364 animum
692 317 846 363 confirmavit
857 332 917 378 apo-

48 397 49 400 ’
92 400 157 458 stoli,
173 401 287 448 unionem
296 400 371 458 illam,
389 417 453 463 qnae
463 402 533 450 facta
543 413 611 452 esset
625 396 809 451 interJudaeos
825 411 917 463 et'gen-

91 487 210 546 t'e's,n0n
228 488 304 534 invito
319 487 375 533 Deo
395 489 441 548 per
463 489 587 537 hominum
605 491 841 538 arbitriumtemere
858 504 916 536 esse

90 574 232 629 institutam,
249 574 294 620 sed
304 577 414 622 aeterna
429 576 477 623 Dei
492 576 617 624 voluntate
634 592 665 624 ac
679 575 847 638 beneplacito.

153 660 234 713 Quium
257 661 428 723 igitur-'omnia
444 662 491 710 Dei
512 663 632 711 beneficia
652 666 696 712 toti
715 663 806 711 mundo
821 661 918 708 condo·

90 753 162 808 nata,
178 748 235 795 inde
255 751 286 797 ab
304 758 417 818 aeterno
429 767 509 814 usque
529 754 561 799 ad
574 756 706 799 'aeternum
722 751 916 798 Paulusmente

90 836 222 897 concipiat,
240 852 330 899 neque,
345 846 372 885 ut
387 840 557 897 itadicamus,
574 855 590 886 a
606 847 674 901 terra
684 838 805 885 ascendat
819 838 844 883 in
858 850 915 882 coe·

90 920 150 979 lum,
172 925 261 987 neque
277 926 308 972 ab
320 924 468 974 'hominibus
493 934 626 989 revocetur
647 926 686 972 ad¹
702 925 798 980 Deum,
818 922 865 968 sed
884 923 915 967 de

91 1010 162 1057 coelo
179 1013 315 1060 descendat
334 1013 359 1058 in
380 1014 496 1060 mundum
514 1022 538 1061 et
553 1029 569 1060 a
582 1013 638 1060 Deo
654 1011 774 1072 respiciat
790 1009 821 1055 ad
836 1008 917 1055 homi—

89 1103 148 1144 nest
168 1098 211 1145 vei
229 1099 308 1159 ipsius
328 1107 433 1148 naturae
451 1100 543 1148 Christi
566 1106 654 1146 totam.
667 1099 759 1159 magis,
777 1085 915 1159 perfectam

89 1181 174 1244 atque,
188 1185 335 1245 expressam
358 1187 489 1249 imaginem
515 1188 541 1233 in
564 1187 645 1232 animo
672 1185 784 1246 ejusdem
808 1181 916 1244 apostoli

90 1271 232 1328 emersisse,
248 1271 307 1318 nihil
322 1272 405 1331 habet,
423 1273 488 1336 quod
505 1287 520 1319 a
537 1277 620 1332 rernm
635 1280 725 1319 natura
741 1269 852 1317 recedat.

115 1340 117 1342 .
150 1357 237 1419 Itaque
257 1360 289 1404 ad
315 1367 444 1406 aeternam
463 1360 512 1406 Dei
537 1358 689 1406 voluntatem
710 1371 829 1419 regresso
854 1370 916 1416 apo-

89 1442 171 1501 stolo,
182 1451 307 1506 totumque
323 1445 485 1493 salvatorium
502 1445 614 1508 ejusdem
630 1458 694 1504 opus
707 1444 753 1489 sub
770 1442 857 1504 specie
874 1458 915 1488 ae-

89 1530 211 1577 ternitatis
231 1520 384 1578 collustranti
405 1532 519 1579 Christus
538 1533 592 1593 quis
613 1531 668 1578 cst?
689 1530 754 1576 Num
772 1530 794 1575 is
813 1536 915 1588 tantum,

18 1605 20 1608 ’
89 1616 130 1677 qni
151 1625 219 1664 certo
240 1619 346 1679 quodam
366 1619 485 1680 temporis
507 1625 630 1679 momento
650 1617 722 1683 cruci
743 1623 782 1662 est
804 1615 868 1661 fixus
885 1631 915 1662 ae

88 1703 265 1761 resuscitatus,
290 1713 315 1750 et
338 1707 382 1766 qui.
400 1705 512 1767 singulos
534 1720 567 1750 ex
583 1703 685 1749 Judaeis
707 1709 731 1747 et
752 1702 865 1762 singulos
883 1718 915 1749 ex

89 1789 203 1848 gentibus
218 1790 337 1850 justificat
347 1806 439 1838 ,coram
452 1790 522 1836 Deo?
536 1790 614 1835 Immo
629 1801 691 1834 vero
702 1787 733 1843 is,
742 1788 774 1833 ‘in
792 1803 840 1849 quo
857 1797 914 1834 ante

89 1874 206 1935 anundum
227 1875 355 1923 fundatum
376 1891 463 1923 onmes
485 1891 499 1922 e
522 1875 650 1937 quibusvis
670 1874 811 1921 nationibus
826 1874 914 1921 fideles

88 1958 153 2005 filios
170 1962 309 2010 suosDeus
326 1963 522 2025 praedestinavit
538 1964 570 2008 ad
586 1961 746 2008 sanctitatem
762 1969 837 2022 atque
853 1961 914 2007 inte-

89 2046 212 2106 gritatem,
229 2049 270 2110 qui
287 2049 466 2110 primogenitus
484 2056 522 2095 est
532 2048 612 2096 omrris
630 2055 769 2103 creaturae,
784 2048 808 2093 in
826 2062 874 2107 quo
891 2055 915 2093 et

88 2146 135 2192 per
155 2149 228 2194 quem
252 2120 353 2192 cuncta,
371 2136 476 2197 visibilia
495 2142 570 2196 atque
587 2133 730 2189 invisibilia,
747 2132 867 2178 coelestia
884 2147 915 2178 ac

28 2245 29 2249 =
88 2220 218 2265 terrestria
234 2230 322 2267 creata
336 2229 395 2268 sunt
416 2222 440 2268 in
458 2222 595 2282 eodemque
612 2220 762 2279 consistunt,
779 2219 914 2280 quirnortc
980 2233 981 2236 ¹

56 2320 57 2323 ’
89 2320 136 2352 sua
156 2315 259 2353 cruenta
275 2309 361 2354 coelos
379 2315 404 2354 et
419 2317 511 2354 terram
533 2306 706 2353 reconciliavit
722 2321 778 2351 cum
792 2305 858 2362 Deo,
875 2304 916 2366 qui

89 2392 121 2445 ad
144 2393 218 2439 vitam
243 2401 378 2440 revocatus
400 2404 474 2455 atque
497 2394 620 2439 exaltatus
645 2400 719 2452 caput
743 2399 782 2437 est
802 2393 915 2451 corporis

89 2478 184 2526 suite.
197 2478 322 2538 eeclesiae
339 2495 389 2542 non
405 2480 486 2527 solnm
494 2479 649 2526 terrestrium
665 2479 799 2534 hominnm,
813 2479 858 2524 sed
874 2476 914 2524 vel

89 2564 234 2611 coelestium
246 2575 396 2626 potestatum
408 2582 444 2632 ac
462 2567 635 2626 dominatuum.
668 2550 740 2618 Quae
758 2565 838 2611 onmia
855 2565 914 2625 dog-

89 2658 155 2697 mata
172 2668 221 2698 non
239 2652 321 2698 aliena
338 2654 369 2699 ab
386 2668 425 2710 ea,
442 2668 506 2714 quae
524 2654 623 2700 sincera
638 2652 710 2698 Pauli
727 2667 742 2697 a
759 2650 852 2708 criticis
866 2649 915 2696 Tu·

88 2736 248 2797 bingensibus
264 2739 378 2805 habetur,
397 2739 560 2799 doct1·ina,in
577 2740 717 2799 ceterisque
736 2737 847 2799 ejusdem
864 2737 914 2797 epi-

88 2823 161 2877 stolis
171 2824 285 2885 disperse
296 2827 377 2892 obvia,
394 2827 419 2872 in
430 2833 537 2872 mentem
548 2826 638 2887 captivi
655 2823 769 2887 apostoli,
787 2816 913 2869 aeternam

46 2899 48 2901 ’
88 2909 365 2976 θεῖ’ᾶίερθηεᾶῑίοιιεηὴ
385 2920 542 2960 contuentem
562 2928 593 2960 ac
613 2912 913 2973 permirantem<coneur-

40 3057 42 3060 γ
88 3003 145 3044 runt
160 2985 185 3042 in
198 2998 336 3060 eademque
352 3000 457 3060 primum
471 3001 582 3047 obtinent
595 3001 716 3048 ordinem.
748 2998 834 3059 ltaque
849 3011 913 3057 quiae

88 3083 112 3128 iu
131 3083 254 3143 prioribus
263 3086 334 3133 Pauli
350 3087 461 3148 epistolis
479 3095 579 3134 exstant
596 3076 748 3134 eluistianae
766 3084 913 3146 cognitionis
