2035 3500
891 191 926 244 19

104 331 182 379 Sicuti
202 331 278 389 enim,
298 331 364 377 idem
386 330 470 389 ait1⁶)‚
491 345 506 375 a
523 328 704 392 Valentinianis
728 330 851 392 Propator
873 351 929 383 cum

103 417 222 475 Ennoea,
238 418 395 477 Monogenes
415 430 471 461 cum
488 415 599 472 Alethia‚
616 415 693 461 ceteri
714 430 796 465 mares
817 434 873 466 cum
890 421 929 468 se-

103 505 190 551 mineis
211 514 260 563 per
281 501 411 550 Connuhia
433 503 559 563 conjuncti
582 512 640 549 sunt
660 502 775 550 Aeones:
796 506 830 552 ita
856 510 930 555 ctiam

103 589 211 650 epistola
227 588 259 633 ad
274 581 399 647 Ephesios
412 586 526 641 Christus
543 603 672 636 connexus
689 587 801 636 est'cum
819 593 929 641 eeclesia

104 675 226 722 Connuhii
241 674 350 720 vinculo.
384 673 497 722 Christus
521 675 584 722 euim
605 684 680 737 caput
696 677 785 723 dicitur
802 678 929 726 ecclesiae

104 762 192 808 eodem
212 761 299 824 modo,
319 777 367 822 quo
389 762 490 808 maritus
511 769 550 808 est
570 769 645 821 caput
660 764 747 809 uxoris
769 764 843 824 (Eph.
857 766 928 826 533).

103 848 187 901 Quare
204 863 277 909 quum
296 846 411 917 Christus
428 848 460 893 ad
480 842 628 894 matrimonii
643 848 764 905 rationem
780 852 930 911 conjunctus

102 935 134 980 sit
151 933 336 980 cumecolesia:
354 932 463 980 eeclesia
471 935 619 980 Pleromatis
635 933 762 994 particeps
782 934 816 984 fir.
836 936 930 998 >Atque

102 1019 151 1066 hoc
170 1020 242 1066 modo
259 1020 330 1066 sicuti
339 1019 455 1072 Christus
471 1029 510 1066 est
526 1019 642 1066 Pleroma
653 1020 707 1077 Dei,
723 1021 738 1069 i.
756 1035 777 1066 e.
794 1036 841 1067 sua
849 1021 929 1070 Deum

104 1105 212 1167 complet
227 1107 387 1167 plenitudine,
404 1107 438 1152 ita
453 1105 563 1153 ecclesia
580 1114 619 1154 est
632 1107 746 1153 Pleroma
758 1106 859 1165 Christi,
876 1110 890 1158 i.
908 1126 929 1158 e.

102 1208 149 1239 sua
159 1193 309 1240 abundantia
322 1209 427 1241 vacuam
437 1192 528 1239 Christi
542 1194 704 1240 substantiam
720 1192 837 1252 complet.
859 1192 930 1240 Chri·

101 1285 156 1324 stus
168 1278 248 1339 igitur,
265 1280 379 1341 qnoniam
399 1279 536 1341 completur
551 1280 583 1325 ab
601 1278 720 1333 ecclesia,
737 1284 854 1340 tanquam
870 1295 930 1327 con-

102 1371 173 1410 creta
190 1371 214 1410 et
230 1366 305 1412 realis
320 1366 430 1412 essentia
448 1366 588 1412 continetur
606 1365 638 1410 ah
656 1364 777 1420 ecclesia,
792 1380 929 1427 rursusque

101 1448 183 1496 forma
199 1457 238 1497 est
252 1450 362 1498 formans
376 1451 515 1499 ecelesiam.
548 1451 603 1504 Qua
618 1450 714 1496 ratione
728 1465 802 1510 quum
815 1448 929 1499 Christus

101 1537 134 1582 sit
150 1544 175 1582 et
194 1539 304 1584 essentia
322 1537 430 1584 formata
448 1551 463 1582 a
477 1535 570 1596 formaf,
588 1537 703 1597 idemque
713 1518 770 1595 ipsh
785 1534 866 1583 forma
879 1537 930 1585 for·

102 1637 173 1667 maus
187 1625 334 1669 essentiam:
350 1624 414 1669 idem
430 1625 485 1683 ipse
494 1622 604 1669 essentia
620 1629 658 1668 est
670 1628 796 1678 concreta,
808 1637 856 1683 qua
864 1622 929 1670 Esse

86 1712 88 1715 ’
104 1709 170 1769 quod
178 1710 292 1768 potentia·
302 1718 341 1755 est
351 1710 424 1769 (‚‚das
434 1707 546 1754 absolute
554 1707 609 1753 An·
617 1707 685 1753 sich-
692 1707 773 1762 sein⁴‘)
786 1708 929 1768 completur.

103 1794 190 1855 ltaque
213 1811 286 1856 quum
304 1795 419 1841 Christus
442 1795 538 1840 dicatur
557 1792 734 1854 „nquodpevoc
751 1792 786 1839 τὰ
810 1793 889 1841 πάντα
905 1797 930 1842 a’v

104 1881 192 1936 udod‘,
209 1880 231 1926 is
254 1888 293 1926 est
313 1882 354 1941 qui
371 1881 452 1926 omnia
471 1880 626 1925 in-omnibus
642 1880 689 1923 sud
707 1878 793 1936 implet
809 1881 928 1929 essentia.

102 1965 185 2025 Atque
200 1965 224 2010 id
242 1965 333 2025 ipsum,
351 1966 417 2026 quod
431 1963 579 2024 completum
597 1970 644 2020 est,
660 1962 720 2008 nihil
737 1970 776 2009 est
793 1963 867 2024 aliud,
882 1965 931 2011 nisi

94 2053 218 2110 'absoluta
235 2051 365 2097 Plenitudo
382 2052 430 2096 sua
444 2050 524 2110 ipsius
541 2048 652 2095 essentia
665 2046 769 2108 repleta.

166 2139 234 2184 Idem
253 2152 329 2197 porro
347 2135 521 2181 Gnosticorum
538 2135 569 2178 de
585 2134 634 2178 Dei
647 2133 785 2188 vacuitate,
801 2149 848 2192 per
863 2134 930 2180 Aeo-

103 2240 161 2272 num
171 2224 212 2271 vel
226 2223 318 2270 Christi
334 2220 510 2266 abundantiam
526 2217 661 2278 explenda,
673 2216 815 2277 figmentum
826 2233 877 2263 non
885 2233 930 2265 so-

103 2314 154 2359 lum
174 2324 298 2371 apparere
319 2323 352 2354 ex
368 2304 558 2368 ‚mtqupuroc“
573 2304 619 2349 sed
640 2303 713 2349 etiam
734 2317 767 2348 ex
783 2302 930 2364 »σώματος-(4

104 2397 298 2459 significatione,
313 2392 382 2440 Baur
399 2392 566 2453 comprobare
588 2395 627 2435 est
642 2387 842 2449 periclitatusfl).
873 2389 930 2435 Non

107 2487 171 2533 enim
194 2482 274 2530 solam
296 2480 430 2527 ecclesiam
457 2493 515 2525 esse
543 2490 635 2536 corpus
656 2474 747 2520 Christi
768 2475 843 2535 (Eph.
864 2476 931 2532 1333

104 2571 182 2633 tlt),
200 2569 247 2615 sed
264 2567 337 2613 etiam
352 2568 433 2627 ipsum
442 2562 567 2611 Christum
586 2561 636 2607 dici
651 2574 742 2619 corpus
757 2558 805 2604 Dei
822 2559 932 2618 colem,

106 2657 148 2703 ubi
164 2655 233 2702 Deus
252 2651 349 2711 legatur
365 2650 509 2715 σωματικῶς
523 2649 661 2696 inhabitare
680 2645 705 2689 in
722 2642 830 2693 Christo.
862 2646 933 2699 Quo·

105 2743 170 2788 uiam
191 2747 272 2786 autem
290 2739 404 2786 Christus
421 2752 515 2797 corpus
535 2750 594 2783 esse
616 2731 704 2779 dicitur
720 2729 875 2779 Divinitatis':
890 2748 931 2779 ue·

100 2811 182 2880 'cesse
198 2840 269 2882 esse,
286 2825 387 2871 criticus
408 2822 536 2883 opinatur,
553 2819 662 2868 eeclesia
681 2831 758 2862 sensu
778 2817 858 2878 magis
877 2832 933 2863 con-

107 2920 177 2960 creto
193 2926 286 2973 corpus
302 2911 334 2957 sit
352 2908 452 2965 Christi,
469 2923 543 2969 quum
558 2907 632 2964 idem,
647 2911 765 2964 tanquam
782 2918 875 2964 corpus
891 2902 933 2948 Di-

108 3044 110 3046 ·
132 3037 168 3088 lo)
182 3035 244 3079 Buur,
258 3035 336 3071 Paulus
350 3036 394 3071 426.

132 3097 167 3146 17)
181 3096 245 3141 Bam,
259 3096 338 3133 Paulus
353 3109 374 3143 p,
387 3096 432 3132 tat.
