2035 3500
127 140 165 209 41

126 291 185 337 nino
207 293 271 339 enim
288 294 518 341 Valentinianorum
546 292 743 355 placitarumque
760 310 846 342 eorum
867 296 890 342 in
907 311 953 342 no·

127 380 186 426 stris
203 381 314 441 epistolis
332 380 599 443 deprehenrlendorum
614 383 638 430 in
655 396 701 430 sua
718 377 884 443 disputatione
902 401 951 432 me·
976 395 980 400 ’

126 468 229 514 moriam
247 484 298 515 non
312 468 386 514 feeit:
403 469 449 514 sed
467 469 549 528 potius
566 484 630 529 quae
648 470 754 517 aRauro
771 471 842 517 ninris
859 479 953 518 temere
1017 509 1018 513 ,

126 551 186 599 fieta
210 564 270 603 sunt,
289 556 322 601 ita
340 555 489 608 attenuavit,
522 562 548 600 ut
568 556 667 618 imagini
683 557 810 605 Asiaticae
827 557 953 605 ecclesiae
979 615 986 623 Ν

127 639 158 685 ab
174 641 229 699 ipso
246 642 359 700 depietae
378 651 465 688 essent
480 642 653 688 accomodata.

187 724 214 768 ld
234 733 316 772 autem
337 728 473 773 secundnm
497 727 684 787 Schweglerum
705 729 834 775 Asiaticae
855 728 953 775 theolo-

125 813 180 877 giae
197 813 309 858 seeundo
326 813 428 860 saeculo
446 814 552 859 studium
568 813 647 861 fuisse
664 830 741 875 supra
764 830 779 860 a
797 814 868 861 nobis
884 829 952 859 com->

127 911 287 952 memoratum
304 910 353 965 esti,
386 903 452 966 quod
468 902 604 951 doctrinam
628 901 693 950 illam
711 903 741 951 de
762 902 844 950 divina
859 900 952 951 Christi

126 999 215 1038 natura
231 992 366 1051 praecipue
388 1000 536 1040 exstrueret.
561 993 633 1046 Quod
651 994 747 1054 quidem
765 993 862 1054 dogma,
878 1007 951 1054 quum

126 1077 256 1140 evangelio
272 1076 408 1135 Johannis,
436 1096 484 1142 quo
503 1079 603 1126 Christo
621 1079 697 1126 Verbi
711 1079 758 1126 Dei
777 1079 858 1126 honor
874 1079 951 1127 vindi·
1004 1090 1007 1096 ¹

125 1158 211 1223 cetur,
228 1164 367 1211 absolutum
382 1167 426 1212 sit:
444 1166 556 1227 epistolis
573 1167 605 1212 ad
623 1166 765 1228 Hebraeos,
784 1167 951 1214 Colossenses
974 1214 976 1216 ,

126 1261 151 1300 et
166 1252 290 1315 Ephesios
309 1252 430 1313 gradatim
446 1268 504 1299 esse
520 1262 706 1314 praeparatum.
738 1253 833 1307 Etenim
849 1254 874 1298 id
892 1268 951 1300 esse

125 1354 255 1395 commune
280 1340 358 1386 tribus
386 1339 431 1387 illis
450 1340 562 1401 epistolis
582 1354 613 1385 ac
629 1339 768 1400 proprium,
802 1339 951 1400 Sehwcgler

125 1426 278 1484 exponit²⁸)‚
307 1425 412 1484 primum
437 1427 504 1486 quod
528 1427 641 1472 doctrina
665 1427 696 1471 de
712 1426 783 1486 Logo
801 1426 847 1472 Dei
862 1427 950 1472 iisdem

124 1511 260 1558 affirmetur
275 1509 341 1556 hunc
356 1511 380 1555 in
392 1510 477 1571 finem,
493 1519 520 1556 ut
534 1512 885 1579 impugneturEbionitismus‚
900 1519 949 1556 tum

124 1599 190 1662 quod
205 1599 230 1646 in
247 1613 296 1645 una
312 1598 449 1660 eademque
464 1596 574 1644 Asiatica
589 1598 697 1646 eeclesia
719 1599 878 1661 conscriptae
894 1598 950 1658 sint,

124 1690 229 1752 denique
247 1689 313 1751 quod
330 1689 362 1735 ab
379 1703 409 1735 ea
427 1686 622 1736 Christianorum
639 1697 724 1750 parte,
741 1704 805 1752 quac
820 1686 891 1735 Pauli
906 1687 949 1735 do-

125 1778 228 1824 ctrinam
251 1783 410 1838 sequeretur,
443 1777 555 1823 secundo
570 1777 671 1824 saeculo
689 1778 807 1839 originem
827 1776 949 1823 duxerint.

186 1864 270 1917 Quum
282 1880 343 1911 vero
361 1879 377 1910 a
392 1871 479 1910 nostro
495 1865 625 1924 proposito
639 1865 745 1910 alienum
759 1864 791 1910 sit
803 1871 879 1909 totam
890 1863 949 1909 ima·

123 1952 205 2014 ginem
224 1952 352 1999 nascentis
372 1950 498 1997 Asiaticae
516 1949 658 2012 theologiae
683 1965 698 1997 a
719 1948 882 2010 Schweglero
906 1950 949 1996 de·
1014 1939 1016 1941 .

123 2039 242 2099 scriptam
258 2038 410 2099 perlustrare
427 2045 500 2097 atque
518 2037 673 2083 examinare:
690 2039 786 2083 tertiam
802 2036 881 2083 solam
892 2053 948 2097 pro·

123 2125 271 2185 positionem
296 2139 311 2168 a
329 2123 414 2168 critico
434 2123 568 2182 prolatam,
585 2138 634 2184 qua
654 2123 825 2169 demonstrare
842 2131 948 2169 conatus

123 2218 175 2267 est,
192 2219 304 2255 naturam
321 2209 461 2265 doctrinae,
478 2225 541 2270 quae
558 2218 640 2255 exstet
655 2210 680 2255 in
698 2207 809 2269 epistolis
822 2209 855 2255 ad
866 2208 948 2269 Ephe-

122 2296 175 2343 sios
192 2303 216 2341 et
227 2294 411 2360 Colossenses‚
441 2304 572 2356 tantopere
593 2295 716 2342 diversam
740 2309 830 2340 essee
848 2295 948 2341 sincera

122 2382 192 2431 Pauli
207 2383 352 2445 disciplina,
375 2391 402 2431 ut
417 2383 469 2432 fieri
485 2400 534 2432 non
553 2384 643 2445 possit,
664 2382 721 2446 quin
738 2382 840 2430 eaedem
858 2382 948 2445 episto·
1010 2428 1011 2441 ξ

121 2472 161 2520 lae
177 2472 323 2519 subditiciae
340 2471 479 2519 habeantur
495 2473 609 2534 originis,
633 2473 702 2519 brevi
720 2471 915 2535 dijudicabimus.

182 2560 236 2606 Jam
262 2560 330 2607 Pauli
352 2561 477 2616 doctrina,
509 2561 543 2606 ait
563 2561 718 2621 criticusw),
750 2561 823 2607 ineo
841 2561 947 2607 maxime

122 2649 327 2709 6611111111λ1111011
345 2648 501 2696 Christianae
518 2648 646 2709 religioni‚
661 2647 712 2711 legi
721 2648 848 2695 blosaicae
865 2663 947 2695 exenn-

122 2742 193 2795 ptae,
215 2735 354 2783 absolutam
372 2736 545 2782 auctoritatem
571 2744 645 2798 atque
666 2736 831 2794 autonomiam
850 2736 946 2782 tribnat.

121 2821 203 2884 Atque
231 2839 261 2870 ca
285 2826 382 2886 quidem
406 2824 469 2870 ratio
495 2823 631 2871 connnuuis
657 2831 695 2870 est
726 2822 801 2869 Paulo
830 2821 945 2884 apostolo

118 2958 270 2965 m

169 3033 206 3080 28)
233 3032 364 3079 Schueglcr,
383 3035 469 3079 uaclrup.
483 3034 505 3070 Ζ,
520 3033 555 3076 ll,
571 3045 590 3078 p.
606 3036 650 3069 272.

170 3096 206 3139 29)
235 3092 367 3142 Sclrwegler,
387 3096 474 3141 1racllap.
489 3095 511 3131 Z.
527 3095 561 3136 ll„
574 3097 620 3130 286.
