2035 3500
168 125 205 179 42

168 276 239 337 ipsos
252 275 440 324 Valentinianos
455 275 534 322 verba
550 273 634 332 Pauli,
655 276 695 337 qui
715 276 846 339 scripserit
866 276 899 324 ad
913 274 994 339 Ephe·

169 355 229 413 sios
239 371 264 410 et
281 363 460 420 ColossenseS,
479 361 616 410 adduxisse
631 362 769 425 iisdemque
781 362 873 424 placita
890 380 937 413 sua
952 365 994 412 de·

168 450 294 507 inuidisse,
319 451 390 510 parvi
409 448 584 496 aestimaverit.
615 447 698 508 Atque
717 464 748 495 ea
765 449 862 511 quidem
882 465 910 495 rc
926 451 994 496 Baur

168 533 265 580 irenaei
284 535 454 580 auctoritatem
474 533 567 579 studuit
588 533 694 588 evitare,
721 535 786 593 qnod
809 533 930 593 epistolas
948 548 993 578 uo·

169 629 235 672 stras
252 639 301 672 non
318 622 409 683 abiis,
438 637 502 687 quos
518 621 572 685 ipse
588 619 706 670 irenaeus
722 619 913 685 impugnaverit,
940 618 994 668 Va·

168 711 308 759 lentinianis
328 712 486 774 conscriptas
507 725 565 759 csse
586 712 738 769 contendit,
756 728 842 760 verum
861 712 943 772 potius
961 725 993 758 ex

168 798 281 859 partibus
298 813 383 846 eorum
401 799 518 860 originem
535 798 637 844 easdem
649 799 748 846 duxisse
765 799 924 857 concedite),
952 799 993 861 qui

168 899 219 929 non
249 892 317 930 certo
340 887 448 946 quodam
468 900 498 931 ac
519 884 632 945 perlecto
653 884 769 929 Gnoseos
789 891 926 944 systemate
951 899 993 930 ex-

167 974 276 1024 structo,
303 970 382 1029 prima
402 969 553 1016 christianae
570 969 717 1030 cognitionis
736 969 831 1014 semina
846 958 992 1029 sparserint-

167 1055 283 1106 Attamen
309 1059 378 1107 nulla
399 1059 477 1108 attulit
493 1058 560 1107 Baur
579 1058 698 1107 historiae
715 1064 870 1121 argumenta,
903 1057 992 1122 quibus

168 1147 353 1207 comprobaret,
370 1149 465 1209 primos
478 1147 550 1208 illos,
566 1149 607 1210 qui
623 1147 792 1208 cognoscendi
800 1148 897 1194 cuidam
913 1148 991 1211 indul·

167 1231 262 1278 sissent
279 1235 420 1294 cupiditati,
436 1234 542 1289 tironeS,
567 1241 659 1280 tantam
679 1230 815 1280 obtinuisse
835 1234 860 1279 in
881 1234 992 1281 ecclesia

166 1319 352 1375 auctoritatem,
385 1328 412 1364 ut
431 1318 470 1364 vcl
487 1318 535 1377 ipsi
554 1319 643 1369 Patres
669 1319 833 1364 ecclesiastici
852 1320 884 1364 ab
903 1321 991 1368 iisdem

166 1411 328 1461 cogerentur,
349 1404 391 1464 qui
408 1400 526 1461 epistolas
547 1402 616 1457 illas,
631 1417 647 1447 a
668 1403 795 1449 Gnosticis
820 1404 988 1464 conscriptas,

166 1490 322 1553 apostolicae
343 1509 401 1542 esse
418 1490 519 1555 originis
534 1488 720 1554 profiterentur.
753 1491 834 1556 Atque
851 1490 990 1555 persuasis·

165 1579 256 1626 simum*
270 1591 324 1628 erat
340 1583 466 1628 veteribus
482 1580 615 1638 Patribus,
630 1580 731 1627 Paulum
748 1579 886 1642 apostolum
903 1588 990 1629 aucto-

165 1681 217 1711 rem
240 1681 299 1713 esse
323 1667 483 1728 epistolarum
506 1669 538 1713 ad
561 1667 687 1728 Ephesios
712 1675 736 1713 et
755 1666 930 1716 Colossenses.
962 1669 990 1715 ld

164 1752 231 1810 quod
248 1766 277 1797 ex
293 1767 323 1797 ea
339 1754 446 1798 unanime
462 1768 490 1798 re
507 1752 641 1814 colligitur,
665 1754 731 1812 quod
745 1754 770 1798 in
787 1768 829 1808 ea,
851 1768 915 1813 quae
933 1769 988 1814 per·

165 1835 338 1893 nicicsissima,
356 1838 530 1897 ecclesiaeque
551 1838 701 1882 christianae
719 1837 908 1883 damnosissima
925 1846 989 1896 erat,

167 1919 264 1974 haeresi
277 1923 455 1990 impugnanda,
472 1938 537 1989 quae
552 1924 609 1988 ipsa
626 1922 803 1974 Gnosticorum
817 1921 932 1973 haeresis
949 1937 990 1973 su-

164 2027 235 2059 arum
250 2013 389 2061 fabularum
406 2014 519 2071 Paulum,
541 2022 668 2061 auctorem
682 2015 841 2075 epistolarum
859 2015 891 2061 ad
905 2015 989 2078 Ephe-

163 2101 216 2148 sios
234 2109 266 2147 ct‘
277 2101 456 2158 Colossenses,
479 2109 567 2147 testem
584 2101 716 2158 excitarit,
742 2117 866 2163 nunquam
881 2118 988 2164 negave-

162 2186 212 2232 rint
232 2188 332 2244 Patres,
359 2187 479 2247 epistolas
500 2188 562 2234 istas
583 2201 716 2248 carumque
734 2187 898 2246 apostolicam
915 2191 988 2250 origi-

162 2286 219 2316 nem
238 2273 286 2317 sihi
305 2287 363 2318 esso
380 2272 532 2319 notissimas.
564 2273 617 2316 Nec
634 2287 695 2317 vero
713 2273 839 2327 videmus,
865 2276 987 2333 quomodo

162 2353 262 2404 latuerit
280 2355 402 2421 Baurum,
429 2357 469 2422 qui
491 2365 549 2405 aute
571 2362 677 2404 aetatem
696 2355 920 2405 Valentinianorum
937 2361 987 2422 cpi-

163 2489 319 2500 m*-

161 2572 233 2622 νιάλιν,
262 2573 283 2615 ἓν
301 2573 355 2624 αὐτῷ
371 2578 460 2615 κατοικεῖ
477 2572 518 2614 πᾶν
536 2573 558 2614 τὸ
572 2573 673 2626 πλήρωμα
689 2571 723 2623 τῆς
736 2573 839 2623 θεότητος
860 2575 916 2621 (Col.
929 2582 953 2622 2,
964 2581 986 2625 9)

161 2643 195 2675 καὶ
208 2635 244 2684 cd,
259 2637 477 2689 ἀνακεφαλαιώσασθαι
492 2640 529 2689 μὲν
543 2637 568 2677 τα
583 2639 650 2678 πάντα
664 2636 685 2675 ἓν
698 2636 725 2685 τῷ
738 2635 821 2687 Χριστῷ
835 2634 868 2675 dtoi
881 2636 919 2680 τοῦ,
929 2638 985 2686 azot,

161 2698 304 2748 (Eph,1‚10)
323 2701 451 2751 ἑρμηνεῦουσι
463 2698 566 2752 εἰρῆσθαι,
589 2706 622 2739 καὶ
635 2702 706 2738 εἴτινα
721 2697 773 2737 ἄλλα
790 2696 896 2738 τοιαῦτα“,
921 2702 951 2736 ld.
966 2703 984 2747 Ι,
1016 2698 1017 2732 l

123 2765 129 2799 ’-
161 2762 184 2803 8,
195 2763 218 2797 4²
233 2767 284 2806 „nat
298 2761 333 2801 ται·
346 2766 443 2814 Συζυγιάς
456 2763 488 2812 δὲ,
504 2762 539 2803 tols
551 2760 605 2801 {vols
617 2762 766 2812 Πληρώματος,
784 2760 818 2798 τὸν
830 2758 915 2797 Παῦλον
929 2758 984 2811 εἶρη-

160 2825 215 2865 κέναι
222 2826 317 2881 φάσκουσι
325 2827 358 2871 ἐπὶ
366 2825 408 2871 ἑνὸς
420 2824 521 2878 δείξαντα,
535 2830 581 2880 περὶ
594 2822 631 2879 γὰρ
645 2820 679 2877 τῆς
692 2829 738 2877 περὶ
746 2826 790 2872 βίον
798 2822 889 2874 συζυγίας
896 2822 984 2877 γράφων,
1015 2854 1017 2875 :

159 2895 208 2948 ἔφη·
229 2893 251 2935 τὸ
267 2895 376 2949 μυστήριον
393 2893 451 2938 rodco
464 2899 514 2948 μέγα
534 2895 586 2943 ἐστὶ,
614 2889 650 2945 ἐγώ
664 2889 685 2931 di
698 2890 747 2943 λέγω
761 2886 787 2930 εἷς
800 2886 888 2941 Χριστὸν
901 2897 935 2931 καὶ
947 2888 985 2943 τήν
1015 2938 1017 2940 ,

159 2960 357 3010 Enndno1¹av“(Eplr.
372 2961 446 3010 t,32].
472 2963 502 2999 Id.
516 2963 535 3006 Ι,
548 2963 592 3006 8,5
606 2960 683 3007 (l'crha
697 2956 906 3010 l'alcutinianornmt)
926 2952 984 2995 τοῖτο

158 3025 179 3065 di
192 3029 227 3064 ναὶ
240 3020 341 3063 attritos
355 3023 414 3072 λέγει,
432 3020 475 3063 πᾶν
487 3021 525 3075 γάρ
535 3020 557 3062 τὸ
566 3020 712 3072 φανερούμενον
725 3016 982 3070 prision“.(hpti.o,13.)

182 3090 218 3138 26)
232 3088 295 3132 Buur,
309 3086 421 3134 Putrlua'p.
435 3089 480 3124 436,
1015 3092 1016 3101 ¹
