2035 3500
841 164 877 245 15
894 131 903 195 f

53 321 135 382 capite
152 333 168 365 a
185 332 262 371 versn
278 303 445 379 tertioDeum·
455 318 563 375 propter
577 308 789 372 donaspiritnlia,
806 316 876 362 nobis

52 407 192 462 condonata
207 405 231 451 in
245 403 367 475 *Cipristog
383 399 464 461 zQuae·
477 399 541 444 dona
552 395 671 443 coelestia
682 411 712 441 ea
728 397 833 454 maxime
849 414 877 445 re

52 469 253 555 conspiciuntur,
281 489 347 550 quod
364 474 413 533 'nos
433 485 507 547 elegit
518 485 594 531 vDeus
608 491 668 530 ante
685 483 801 548 ¹mundum
819 501 878 532 con.

51 580 125 632 ditum
135 576 256 630 ¹advitae
273 575 430 628 sanctitatem
440 582 520 635 atque
537 572 702 634 integritatem
713 585 766 628 leo,
783 572 823 633 qui
840 568 878 619 sni

6 708 8 710 .
51 665 130 726 ipsius
143 670 197 719 est,
215 676 307 708 amore.
339 661 422 722 Atque
439 660 504 710 haec
522 661 619 722 quidem
634 658 831 718 nostraeleetio
845 661 877 706 ad

9 792 10 795 ,
52 757 138 797 sancte
157 748 258 802 vivendi
279 748 399 793 rationem
420 762 475 808 per
486 763 541 793 eum
558 748 655 793 modum
673 745 788 808 perfecta
805 755 844 794 est
861 763 877 794 a

51 838 120 893 Deo,
142 843 170 885 ut
186 851 239 881 nos·
252 850 297 895 per
312 834 398 886 desum
417 833 540 888 Christum
564 834 721 894 adoptandos
739 836 877 894 praedesti·

51 923 151 974 neverit
164 922 197 968 ad
213 937 242 968 se
258 922 350 982 ipsum,
367 938 413 983 pro
427 921 562 969 uoluntatis
578 934 639 975 suae
656 914 829 981 beneplacito,
852 922 878 983 in

51 1010 149 1059 laudem
172 1007 274 1070 gloriae,
292 1024 367 1066 suae,
402 1023 466 1070 quae
489 1007 595 1053 maxime
616 1016 732 1054 cernatur
755 1008 779 1054 in
798 1008 877 1069 ipsius

7 1129 8 1132 =
54 1098 145 1159 gratia,
163 1111 211 1158 qua
222 1104 308 1156 gratos
325 1111 372 1142 nos
389 1095 477 1158 fecerit
491 1096 516 1141 in
532 1093 581 1160 filio
592 1094 689 1148 dilecto.
708 1096 742 1141 ln¹
752 1095 802 1153 hoc
812 1098 876 1143 enim

9 1229 11 1232 Α
53 1183 214 1238 dilecto-{iiio
238 1182 284 1229 Dei
301 1182 422 1229 habemus
438 1183 632 1252 redemptionem
657 1199 704 1244 per
730 1185 877 1244 sanguinem

6 1262 11 1328 J,
51 1271 143 1332 ipsius,
172 1270 344 1324 remissionem
371 1278 533 1331 peccatorum
560 1285 607 1330 pro
634 1268 760 1329 opulentia
781 1271 878 1331 gratiae

52 1358 130 1419 ipsius
147 1357 276 1415 (sc.De'i),
293 1372 366 1419 quam
383 1358 407 1402 in
423 1372 471 1403 nos
484 1357 623 1402 'exundavit
638 1356 663 1401 in
680 1356 745 1401 omni
754 1357 876 1418 sapientia

53 1452 127 1507 atque
144 1442 304 1504 intelligentia
321 1458 351 1489 eo
368 1443 455 1503 modo,
471 1429 500 1488 ut
514 1449 598 1497 notum
613 1443 688 1489 nobis
699 1443 798 1492 taceret
808 1444 876 1492 Deus

7 1523 9 1563 Ῐ
52 1547 170 1579 arcanum
186 1529 320 1577 voluntatis
337 1545 400 1577 suae
417 1546 463 1591 pro
475 1528 631 1590 beneplacito
648 1544 708 1587 suo,
726 1532 793 1591 quod
809 1532 877 1580 inse

51 1620 106 1679 ipso
124 1625 292 1679 proposuerat
303 1618 335 1671 εἷς
350 1615 490 1673 οἶκοὺομῖαν
506 1616 549 1663 rofi
556 1615 709 1679 πληρώματος
725 1618 771 1665 mliv
786 1621 877 1680 καιρῶν

51 1706 66 1753 i.
84 1721 105 1755 e.
127 1705 162 1750 ita
177 1711 205 1750 nt
222 1702 405 1765 ¹beneplacitum
421 1719 492 1757 sunm
508 1704 644 1765 pertineret
663 1705 695 1750 ad
711 1706 876 1766 dispensatio·

7 1789 10 1827 ἶ
50 1807 107 1837 nem
126 1791 344 1844 consummationis
362 1797 507 1852 temporum.
523 1789 573 1847 „Tb
588 1790 878 1855 1111191111115111111191311κ

51 1878 108 1939 quid
134 1877 258 1938 significet
281 1878 416 1923 edocemur
435 1877 546 1935 epistola·
560 1879 593 1923 ad
614 1877 719 1924 Galatas
738 1878 762 1936 t,
779 1879 804 1936 4,
834 1881 876 1927 ubi

7 1949 11 1985 ,³
51 1963 193 2025 apostolus,
210 1970 373 2024 posteaquam
390 1962 518 2021 exposuit,
545 1963 592 2016 sub
608 1961 664 2023 lege
680 1979 740 2021 nos,
760 1968 877 2027 *quamvis

52 2057 180 2108 (aeternae
197 2050 297 2104 salutis)
319 2048 457 2105 haeredeS,
482 2056 564 2100 tamen
585 2065 658 2111 quum
679 2050 787 2098 infantes
809 2068 878 2100 esse-

51 2153 117 2194 mus,
143 2145 250 2183 tutorum
270 2130 301 2182 ac
326 2135 524 2194 dispensatorum
546 2150 623 2181 curae
650 2139 787 2195 commissi,
816 2141 876 2187 nihii

51 2223 130 2276 fuisse
152 2224 200 2270 nisi
222 2237 324 2278 servos,
349 2220 478 2267 elementis
498 2221 582 2267 mundi
600 2222 742 2284 subjectos,
772 2222 833 2286 „iias
851 2226 877 2276 δὲ

8 2306 11 2361 ᾗ
50 2305 137 2373 ᾖλῇείί,
154 2311 245 2373 inquit,
263 2308 288 2357 nd
307 2307 424 2371 πλήρωμα
440 2308 483 2355 τοῦ
493 2306 600 2369 Χρόνου,
615 2310 775 2370 ἐξαπέστειλεν
791 2312 803 2360 ὁ
818 2312 876 2370 ι311ὸς

8 2422 11 2446 ;
52 2394 92 2445 τὸν
107 2395 160 2445 υἱὸν
177 2397 272 2445 11111τοῦ41
288 2418 311 2445 κ.
327 2413 345 2449 r,
359 2402 380 2444 λ.
401 2394 439 2450 Eo
455 2394 529 2457 igitur
544 2404 673 2445 momento
685 2400 804 2460 temporis
820 2401 877 2448 mis·

51 2499 105 2531 sum
121 2500 181 2531 esse
196 2484 282 2531 Filium
298 2483 359 2539 Dei,
375 2482 505 2543 apostolus
517 2490 634 2541 testatur,
650 2501 712 2545 qno,
730 2501 794 2545 quae
812 2489 876 2549 ejus.

10 2576 13 2618 Ῑ
52 2571 106 2627 dem
125 2572 257 2618 adventum
278 2578 470 2623 antecesserunt
490 2569 605 2628 saecula,
637 2578 661 2625 et
678 2586 742 2632 qnae
757 2571 796 2619 his
812 2574 875 2635 ipsis

9 2656 11 2691 ³
50 2668 188 2721 temporum
204 2656 291 2719 spatiis
308 2657 379 2704 Deus
394 2658 492 2718 agenda
510 2665 690 2719 proposuerat,
707 2659 822 2708 absoluta
838 2678 877 2710 es·

51 2754 107 2793 sent
123 2747 245 2810 atquead
262 2745 335 2792 finem
351 2746 481 2806 perducta.
513 2746 555 2793 Ad
573 2746 637 2792 idem
653 2746 707 2808 jam
727 2758 877 2798 momentum

8 2858 11 2890 3
50 2835 183 2892 temporis,
206 2849 255 2895 quo
271 2848 328 2890 res,
349 2832 462 2879 saeculis
476 2834 618 2893 praeteritis
629 2833 809 2895 -adfiagcndum
827 2839 877 2886 dis·
896 2843 898 2848 ’

8 2932 10 2954 1
50 2926 183 2979 pausatae,
200 2929 286 2968 essent
301 2927 455 2977 transactae,
474 2920 546 2967 etiam
562 2919 624 2980 Epir.
640 2918 877 2986 11οΒ1111110-

8 3003 13 3040 f
50 3006 165 3065 posuisse
182 3007 365 3068 beneplacitum
379 3023 464 3065 suum,
481 3006 637 3054 manifestum
653 3013 700 3063 est,
720 3008 805 3072 itaque
821 3012 876 3058 finis

49 3092 198 3156 beneplaciti
219 3093 279 3151 Dei,
300 3097 333 3142 -si
356 3098 388 3144 ad
407 3105 505 3159 tempus
524 3095 687 3158 respicimus,
713 3100 825 3158 pertinet
842 3101 875 3147 ad
