2035 3500
864 188 932 243 35'

134 328 253 377 Hortatur
268 338 349 379 autem
366 333 496 393 apostolus
513 333 570 381 inde
584 334 617 381 ab
632 333 700 381 initio
714 335 804 397 capitis
820 342 898 400 quarti

71 416 235 490 Ephesios,ut
244 418 493 475 humilitate,lenitate
500 428 631 484 nurtuaque
639 420 771 469 dilectione
781 425 900 474 unitatem

72 514 174 553 servent
190 496 301 566 spiritus.
319 505 398 558 Quem
410 507 519 567 spiritum
531 510 602 570 pacis
618 510 642 555 in
652 525 682 557 eo
698 511 805 558 maxime
822 517 899 573 cerni,

72 593 220 652 quodunum
230 606 322 651 corpus
335 598 361 637 et
371 606 446 640 uinum
460 595 579 655 spiritum,
595 611 669 658 unum
678 597 811 655 domiuum,
827 615 900 648 unam

14 683 18 747 ἠ
72 678 155 733 fidem,
170 693 244 724 unum
261 677 416 738 baptismum,
432 697 507 727 unum
516 681 595 727 Deum
611 682 751 730 firmissime
768 685 899 733 retineant.

13 747 14 750 Ἰ
72 763 143 815 Quae
165 766 247 809 omnia
267 780 339 824 quum
361 768 473 812 omnibus
493 781 542 812 una
560 767 609 813 sint
624 769 772 829 eademque:
793 784 844 817 non
863 780 899 817 ta-

72 865 127 898 men
146 867 219 899 unum
237 852 326 916 cuique
343 860 417 917 atque
433 853 499 901 idem
516 869 574 901 esse
592 853 682 901 donum
698 855 801 916 gratiae.
834 857 899 908 Gra·

71 941 106 986 tia
127 942 190 1008 enim
211 944 341 1005 unicuique
366 944 426 988 data
450 950 489 989 est
511 958 557 1003 pro
580 957 697 989 mensura
718 944 776 991 doni
800 945 900 994 Christi.

15 1054 20 1090 :1
72 1027 154 1088 Atque
172 1029 195 1074 id
213 1031 310 1091 quidem
328 1032 476 1091 cornprobat
485 1029 614 1092 apostolus
622 1046 697 1079 versu
714 1032 899 1082 undevicesimo

14 1147 19 1184 3
73 1113 163 1160 Psalmi
178 1120 330 1178 sexagesimi
346 1119 435 1165 octavi.
466 1117 570 1177 Legitur
586 1124 667 1163 autem
677 1118 780 1176 ibidem,
799 1122 821 1167 si
836 1136 899 1183 apo·

72 1200 129 1247 stoli
139 1204 280 1250 versionem
290 1202 428 1266 sequimur:
440 1220 530 1265 „quum
540 1205 698 1251 ascendisset
712 1206 899 1270 (scDominus)

71 1287 96 1331 iu
112 1286 194 1344 altum,
211 1289 332 1351 captivam
349 1292 417 1336 duxit
434 1289 601 1349 captivitatem
619 1298 643 1334 et
660 1290 725 1334 [lona
741 1291 808 1336 dedit
823 1292 900 1339 homi-

71 1373 171 1419 nibus.“
203 1376 299 1429 Quibus
322 1376 405 1422 verbis
425 1376 548 1437 quomodo
575 1389 663 1421 munus
684 1373 775 1421 Christi
797 1378 900 1426 exaltati

72 1462 215 1511 denotatum
232 1464 271 1523 sit,
288 1464 344 1526 ipse
360 1463 489 1528 apostolus
505 1479 581 1512 versu
591 1479 657 1512 nouo
674 1472 698 1513 et
715 1464 811 1513 decimo
827 1467 900 1516 nobis

72 1552 187 1611 ostendit.
221 1553 306 1601 Verba
322 1554 385 1601 enim
401 1554 443 1602 illa
463 1556 494 1601 eri
510 1552 609 1600 Psalmo
626 1554 810 1615 adductaf‚·nisi
825 1563 900 1604 antea

17 1696 19 1698 k
71 1638 178 1686 fuissent
197 1641 328 1688 dilucidius
348 1643 484 1702 explicata,
502 1656 517 1686 a
531 1641 668 1686 lectoribus
689 1649 797 1687 autnon
813 1651 900 1690 essent

16 1723 21 1784 [j
72 1726 208 1784 intellecta,
225 1736 267 1775 aut
282 1729 324 1776 vix
337 1729 459 1789 adipsum
470 1729 594 1776 Christum
610 1727 698 1775 relata.
731 1728 818 1790 ltaque
826 1745 900 1792 quum

16 1820 18 1836 ³
72 1815 172 1875 adjiciat
187 1815 325 1876 apostolus,
342 1815 396 1862 fieri
412 1833 462 1863 non
471 1818 591 1877 potuisse,
608 1817 673 1877 quin,
690 1815 731 1876 qui
741 1816 900 1872 ascenderet,

73 1908 147 1945 antea
164 1901 346 1956 descendisset,
363 1902 494 1946 utomnino
512 1902 664 1946 ascendendi
673 1899 781 1945 facultas
790 1900 813 1944 ei
828 1901 899 1947 dare·

15 1991 19 2030 J:
72 1993 120 2044 tur,
137 2000 242 2046 eumque
259 1986 300 2047 qui
322 1987 461 2032 descendat
479 2001 537 2031 esse
557 1987 662 2031 eundem
681 1980 756 2043 atque
774 1999 842 2040 eum,
859 1985 900 2045 qui

72 2072 194 2121 ascendat
210 2088 287 2136 supro
304 2088 391 2121 omnes
404 2072 503 2122 coelos:
520 2073 643 2122 neminem
654 2071 708 2137 jam
722 2070 793 2135 fugit,
809 2071 901 2120 Psalmi

16 2219 20 2224 ι
72 2163 212 2210 vaticinium
221 2165 252 2211 ab
261 2164 375 2225 apostolo
384 2163 489 2209 relatum
497 2177 555 2209 esse
564 2163 596 2208 ad
604 2162 736 2217 Christum,
749 2160 791 2221 qui
799 2167 899 2220 postea·

73 2267 146 2312 quam
170 2252 201 2297 de
227 2250 305 2297 coelis
329 2251 353 2295 in
375 2259 467 2297 terram
484 2249 620 2305 descendit,
653 2262 731 2308 opere
747 2261 794 2293 suo
809 2247 900 2317 ibidem

73 2344 192 2399 peracto,
213 2353 290 2399 supra
306 2353 392 2385 omnes
409 2338 496 2386 coelos
511 2336 633 2386 ascendit.
665 2331 901 2404 Aptissime'uutem

72 2436 208 2487 usurpatus
219 2433 257 2472 est
272 2427 303 2472 ab
316 2425 430 2486 apostolo
447 2424 631 2487 comparativus
641 2419 830 2485 (,,κατῶτερα“),
843 2434 902 2467 nam

16 2497 20 2545 ἕ
74 2503 158 2560 terrae
174 2499 279 2571 partes,v
290 2511 417 2564 coelorum
436 2513 534 2558 ratione
554 2511 649 2570 habita,
665 2508 727 2568 ipsis
744 2506 822 2552 coelis
839 2505 901 2552 infe-

73 2599 153 2665 riores
170 2606 233 2643 stmt.
265 2596 322 2643 Non
339 2597 403 2642 enim
425 2596 624 2643 concludendum
639 2600 688 2648 est,
705 2591 747 2652 qui
762 2591 788 2636 in
804 2606 901 2637 summa

16 2681 19 2733 ἶ
74 2682 131 2729 loca
148 2683 301 2736 ascenderim
318 2697 373 2728 eum
389 2682 554 2728 fuisseantea
567 2682 593 2726 in
608 2678 697 2726 infimis
712 2676 775 2721 loeis
791 2691 902 2723 necesse

16 2755 20 2796 3
75 2783 149 2831 esse,
168 2768 214 2817 sed
232 2768 314 2831 potius
335 2768 360 2815 in
384 2768 448 2817 locis
468 2768 594 2832 aliquanto
611 2763 778 2814 inferioribus.
815 2762 902 2818 Quare

76 2860 107 2907 dc
124 2861 248 2909 descensu
262 2858 354 2907 Christi
372 2859 404 2905 ad
420 2857 514 2906 inferos
531 2856 650 2905 hocloco
664 2853 764 2912 ⁴mnnino
779 2869 831 2902 non
850 2854 902 2918 agi-

75 2954 126 2994 tur:
142 2961 199 2994 uam
217 2948 274 3010 quid
285 2962 346 2995 orco
362 2961 418 2993 oum
433 2945 610 2993 distribuendis
619 2942 694 2991 variis
704 2941 799 3004 gratiae
815 2940 901 2989 donis?

15 3020 18 3060 i
75 3035 151 3081 Immo
160 3035 242 3094 potius
259 3034 361 3080 exaltati
374 3032 465 3081 Christi
477 3040 525 3091 est,
543 3032 659 3078 membris
671 3027 805 3086 eeclesiae,
821 3042 902 3091 quam,

14 3147 19 3180 3>
76 3138 150 3184 quum
161 3120 336 3168 descendisset
351 3121 376 3166 in
392 3126 497 3180 terram,
513 3119 539 3166 in
557 3117 637 3181 ipsius
648 3116 769 3177 sauguine
786 3113 904 3180 exaedifi3

706 3189 744 3225 3*.
799 3211 801 3218 a
