2035 3500
165 160 201 213 30

163 305 298 363 Messinm,
317 305 498 365 oujussummo
517 288 613 349 incensi
630 310 701 349 erant
717 305 839 353 adventus
856 307 988 366 desideria,

164 393 205 442 vel
220 389 290 453 ipsas
306 397 393 452 gentes
409 403 424 434 a
439 388 539 436 civitate
555 388 722 461 israelitarum
739 389 873 450 alienatas,
890 394 989 456 propin·

164 498 227 546 quas
241 481 337 530 suturas
354 492 412 524 esse
426 476 451 523 in
461 478 581 540 sanguine
589 478 650 527 Jesu
658 479 757 528 Christi.
790 479 874 535 Quare
884 481 905 527 si
923 500 989 534 man-

166 573 249 618 datum
265 576 318 616 erat
334 565 462 627 apostolo,
482 574 509 611 ut
530 568 681 627 opulentiam
702 566 793 615 Christi
810 585 877 625 „non
898 582 1002 634 perve-‘

165 658 320 720 stigandam“
336 654 504 716 praedicaret,
520 654 738 701 demonstrandum
754 657 777 701 ei
788 665 850 714 erat,
868 647 989 719 quaenam
1017 706 1018 709 ,

165 743 237 792 esset
252 741 405 790 admirabilis
429 740 470 787 illa
491 740 645 801 dispensatio
666 742 788 801 mysterii,
811 745 878 803 quod
898 761 913 791 a
934 747 988 795 Deo
1016 766 1018 768 “

163 826 413 876 fuissetoecultatum
426 827 564 883 asaeoulis‚
581 827 698 875 ver-umin
709 827 798 873 suimet
813 828 891 890 ipsius
904 831 990 881 volun-

135 976 136 979 Ἴ
166 923 217 961 tate
234 915 400 975 reconditum,
418 915 458 976 qui
471 928 518 975 per
538 912 661 960 Christum
678 912 764 959 desum
780 915 861 962 omnia
881 921 989 967 crearis·

164 1009 212 1049 set
246 1001 313 1046 Finis
330 1008 420 1057 autem,
439 1016 483 1046 cur
498 1000 666 1060 praedicanda
686 1000 718 1045 sit
734 1001 849 1060 apostolo
865 1004 990 1063 opulentia

165 1086 300 1136 Christian
309 1085 493 1131 manifestanda
507 1086 617 1147 mysterii
632 1085 892 1148 occultidispensatim
908 1090 930 1137 is
942 1101 989 1152 est,

164 1180 190 1218 ut
205 1171 334 1233 multiplex
350 1172 397 1217 Dei
413 1171 690 1232 sapientia-secundum
706 1174 887 1235 beneplacitum
902 1178 989 1238 ipsius,
1016 1184 1018 1187 ’

165 1260 232 1321 quod
248 1265 304 1304 ante
321 1258 423 1304 saecula
435 1259 460 1304 in
471 1256 570 1304 Christo
586 1258 632 1304 sihi
649 1268 816 1318 proposuerat
830 1262 922 1320 (ffiurd
937 1265 990 1327 πρό.
1016 1270 1018 1279 ²

164 1358 235 1400 θεσιν
254 1346 301 1391 rain
318 1344 440 1400 atdaov‚“
455 1344 469 1390 i.
489 1359 510 1391 e.
529 1343 560 1399 ὡς
582 1344 693 1405 προέξνετο
712 1344 755 1407 πρὸ
777 1347 823 1394 τῶν
842 1349 936 1398 αἰώνων
957 1352 989 1401 cf.
1016 1332 1018 1355 ζ

163 1431 227 1492 Eph.
242 1430 300 1488 na),
317 1440 383 1476 nuno
399 1431 540 1477 innoteseat
556 1431 734 1491 principatibus
750 1439 774 1478 et
784 1437 949 1492 potestatibus
964 1440 989 1485 in

166 1517 317 1564 coelestibus
333 1515 477 1576 regionibus
493 1530 540 1576 per
562 1516 700 1564 eeclesiam.
731 1518 770 1564 Ea
793 1521 856 1567 enirn
877 1530 916 1569 est
937 1539 990 1571 ma-

164 1605 227 1650 teria
244 1602 339 1649 aeterni
354 1602 567 1661 beneplacitiDei‚
584 1610 610 1648 ut
625 1603 682 1649 inde
697 1613 856 1665 atemporum
874 1623 989 1657 consum·

164 1691 272 1736 mationa
290 1703 459 1749 quaecumque
481 1690 506 1734 in
523 1688 601 1734 anelis
619 1689 668 1734 sint
685 1697 709 1734 et
724 1697 792 1736 terra
809 1692 842 1736 ad
860 1703 935 1754 caput
950 1706 989 1743 re·

163 1783 284 1822 vocentur
301 1773 426 1819 Christum
437 1774 512 1835 (Eph.
527 1775 582 1830 Lil).
604 1774 696 1819 Nostro
709 1776 763 1835 jam
778 1775 833 1822 loco
848 1783 989 1828 accuratius

164 1846 296 1922 exponitur
318 1861 349 1904 ah
375 1858 503 1919 apostolo,
529 1875 578 1920 qua
604 1861 701 1906 ratione
719 1861 782 1907 illud
807 1864 989 1925 heneplacitum

162 1947 220 2002 Dei,
236 1946 304 2006 quod
315 1947 347 1991 ad
355 1934 478 1991 coelestes
489 1947 628 2004 potestates
638 1947 749 2003 attineat,
766 1947 917 2007 perficiatur.
948 1951 989 1997 Ae

165 2047 216 2077 non
234 2031 333 2092 quidem
352 2029 477 2076 coelestes
495 2030 634 2077 dominatus
652 2031 683 2076 de
703 2031 815 2088 Christo,
831 2034 870 2078 oui
886 2013 990 2081 aeterna

162 2117 210 2164 Dei
226 2116 354 2164 voluntate
374 2115 503 2176 imperium
524 2124 549 2162 et
564 2122 646 2162 terrae
669 2124 693 2163 et
709 2117 836 2164 coelorum
851 2119 988 2178 praedesti-

163 2214 248 2254 natum
266 2212 290 2253 et
306 2220 321 2251 a
336 2212 448 2266 tempore
467 2208 637 2251 consummato
653 2204 768 2251 traditum
786 2212 835 2263 est,
850 2205 898 2253 alio
915 2209 989 2255 modo

165 2296 300 2342 educentur
316 2294 364 2341 nisi
379 2310 425 2355 per
444 2291 590 2350 ecclesiam,
607 2306 670 2354 quae
689 2292 714 2339 in
733 2293 782 2340 hac
804 2295 861 2356 ipsa
882 2296 990 2343 terrain
1016 2341 1017 2360 p

165 2382 300 2428 concordia
315 2381 372 2426 fidei
390 2388 414 2425 et
430 2380 581 2425 ludaeorum
598 2387 622 2423 et
639 2380 747 2437 gentium
765 2380 895 2440 aedificata
911 2385 989 2430 estin
1015 2373 1016 2389 ¹

165 2469 287 2529 sanguine
303 2465 409 2523 Christi,
427 2465 506 2527 quiin
525 2465 613 2510 eadem
629 2465 685 2524 ipsa
702 2471 770 2511 terra
786 2474 889 2514 mortem
907 2472 989 2516 erneis
1015 2475 1017 2513 ἴ

163 2571 255 2618 passus
272 2565 347 2617 atque
363 2569 379 2599 a
395 2554 471 2599 Patre
493 2552 525 2597 ad
544 2551 618 2597 vitam
634 2559 769 2600 revocatus
788 2553 829 2617 vel
845 2553 989 2602 coelestium

165 2651 239 2705 eaput
256 2652 295 2690 est
311 2644 391 2690 datus,
422 2641 510 2703 Neque
526 2639 639 2696 veroid)
657 2641 724 2701 qnod
744 2639 873 2701 multiplex
886 2641 933 2688 Dei
950 2658 989 2689 sa·

166 2730 264 2790 pientia,
279 2725 417 2776 seeundum
434 2741 506 2787 qnam
523 2726 648 2786 opulentia
661 2726 753 2773 Christi
769 2727 826 2772 inde
836 2728 867 2771 ab
884 2734 988 2774 aeterno
1013 2787 1015 2790 p

165 2817 278 2876 gentibus
294 2832 341 2878 per
358 2831 387 2864 se
402 2813 518 2876 inopibus
533 2821 587 2861 erat
601 2812 798 2876 praedestinata,
813 2826 864 2858 non
880 2812 988 2861 innotes·
1013 2812 1017 2830 ²

165 2909 234 2949 aeret
251 2903 400 2952 ‹inolestihus
422 2903 470 2950 nisi
492 2919 538 2965 per
562 2884 695 2950 eeclesiam
713 2900 738 2944 in
758 2901 879 2960 sanguine
896 2901 988 2947 Christi
1012 2931 1015 2949 t

165 3007 197 3038 ex
212 2989 314 3037 Judaeis
332 3000 356 3039 et
372 2993 486 3052 gentibus
506 2971 709 3043 exaedificatam,
725 3001 740 3032 a
759 2981 929 3047 ratione'Dei,
945 3002 987 3034 res
1011 2970 1014 2993 ³

164 3076 290 3124 coelestes
310 3084 335 3122 et
359 3087 491 3126 terrestres
514 3075 619 3123 oonsilio
640 3089 687 3120 suo
710 3073 876 3135 inexplicabili
897 3074 988 3133 guber-
