2035 3500
108 299 176 348 dcle:
210 314 290 362 nuper
309 297 410 352 accidit,
436 301 463 340 ut
484 292 636 341 christianae
660 285 813 363 cognitionis
831 293 935 350 semina·

108 389 213 452 quaein
231 386 278 431 illis
294 385 401 430 maxime
415 382 486 428 Pauli
503 382 615 443 epistulis
633 366 799 440 inveniuntur,
817 381 934 444 abipsius
1003 368 1006 382 ³

108 478 191 522 nativa
208 458 360 520 christianae
377 470 507 517 doctrinae
523 477 612 516 natura
632 470 713 516 aliena
736 470 934 533 dijudicarentur.
968 515 969 518 ,
1003 479 1005 482 “

108 561 192 609 Critioi
209 561 273 607 enim
289 560 465 620 Tubiugeuses
483 564 508 604 et
526 573 588 618 prae
605 559 696 604 ceteris
713 560 837 619 princeps>
849 570 934 602 eorum
1005 541 1006 545 Ἰ

110 658 186 710 atque
210 656 298 694 auctor
316 646 343 691 F.
362 645 406 692 Ch,
422 645 491 691 Baur
515 660 569 691 eam
592 647 748 706 praesertim
763 645 794 692 ob
818 657 934 690 caussam

110 736 228 798 epistolas
247 736 279 780 ad
296 722 421 795 Ephesios
443 738 467 776 ct
484 729 651 779 Colossenses
666 748 717 779 non
733 734 763 778 ab
782 731 838 792 ipso
856 729 934 776 Paulo

109 823 226 885 apostolo
246 822 403 883 conscriptas
428 833 485 865 esse
507 818 601 878 opinati
622 827 694 878 sunt,
724 820 770 866 sed
792 834 823 865 ex
847 816 933 874 Gnosi,

109 927 173 972 quac
200 909 264 956 falsa
288 917 361 970 atque
387 905 516 954 haeretica
537 906 653 952 damnata
677 906 796 952 essetab
817 904 933 960 ecclesia,

110 1000 211 1045 duxisse
227 996 359 1055 originem,
386 1002 522 1056 propterea
544 995 611 1057 quod
627 993 762 1054 corripiaria
780 992 866 1039 inillis
884 992 934 1053 epi·

109 1085 180 1132 stolis
202 1085 318 1144 dogmata
335 1090 445 1138 exstent,
472 1096 535 1143 quae
555 1098 610 1128 cun]
627 1080 696 1127 Pauli
713 1081 817 1127 docendi
837 1080 934 1126 ratione
1004 1099 1013 1131 g

109 1170 218 1233 (qualem
240 1171 320 1216 critici
341 1175 423 1215 niente
439 1169 487 1215 sibi
503 1168 665 1229 effinxerunt)
690 1169 786 1215 minime
803 1175 934 1214 consenta-

107 1274 169 1316 nea,
196 1258 229 1303 ad
246 1257 474 1304 Valentinianorum
498 1255 652 1317 disciplinam
668 1257 778 1317 proxime
801 1256 933 1304 accedant.

171 1345 223 1391 Sed
240 1361 314 1405 quum
328 1359 410 1406 neque
425 1345 487 1390 ratio
506 1344 648 1406 exegetica,
670 1358 718 1405 qua
733 1344 862 1405 opiniones
873 1357 934 1392 suas

109 1431 346 1492 comprobaverunt,
372 1446 453 1493 neque
469 1440 614 1493 argumenta
627 1430 763 1488 historica,
787 1446 852 1494 quae
869 1437 935 1477 attu-

108 1517 190 1565 lerunt
206 1519 285 1565 critici
300 1518 342 1580 illi,
358 1526 407 1565 tam
424 1527 493 1565 certa
511 1534 541 1565 ac
556 1519 627 1566 firura
648 1519 719 1565 ricbis
734 1497 891 1575 viderentur,
908 1526 935 1564 ut
1006 1558 1009 1578 ξ

108 1607 132 1651 in
142 1606 191 1651 fine
208 1613 282 1667 atque
299 1607 375 1661 exitu,
390 1606 422 1652 ad
437 1621 508 1667 quem
526 1606 716 1667 disputationem
733 1621 804 1653 suam
819 1607 933 1653 adduxe-

108 1701 175 1750 runt,
204 1701 272 1739 esset
291 1694 514 1755 acquiescendum:
540 1694 570 1738 de
587 1693 683 1753 integro
703 1701 797 1755 utrem
814 1708 934 1754 perscru-

109 1789 218 1826 taremur
234 1796 307 1840 quum
323 1781 375 1826 veri
391 1780 491 1827 videndi
507 1780 602 1838 studio,
621 1787 671 1826 tum
687 1781 797 1842 ipsarum
816 1781 933 1840 dignitate

109 1866 281 1928 epistolarum,
303 1883 366 1928 quas
383 1866 490 1913 ecclesia
508 1866 590 1911 adhuc
607 1868 701 1927 majore
712 1867 823 1915 forsitan
840 1868 933 1929 pietate

108 1961 229 2000 venerata
244 1955 287 2012 sit,
307 1968 379 2015 quam
393 1952 451 1999 fidei
467 1953 589 2013 sapientia
605 1953 629 1999 in
642 1954 757 2015 dogmata
774 1971 820 2017 sua
831 1962 933 2002 exstru-

108 2042 173 2086 enda
191 2041 354 2096 couverterit,
375 2038 457 2086 allecti
478 2054 574 2089 sumus,

169 2129 253 2189 Atque
274 2143 303 2174 ea
324 2127 420 2189 quidem
442 2125 492 2172 hac
517 2127 541 2172 in
563 2129 742 2188 retractanda
763 2136 866 2176 nostrae
886 2129 933 2176 erit

109 2214 282 2274 disputationis
297 2214 369 2270 ratio,
384 2220 412 2258 ut
421 2213 524 2273 primum
534 2213 610 2260 Bauri
627 2214 857 2261 devValentinianae
866 2215 932 2278 Gno-

108 2316 167 2348 secs
180 2301 300 2360 uestigiis,
316 2301 340 2346 in
358 2299 470 2361 epistolis
486 2301 517 2346 ad
528 2300 653 2361 Ephesios
670 2309 695 2361 et
707 2300 875 2361 colossenses
890 2303 933 2349 de-

108 2387 308 2447 prehendendis,
326 2385 479 2447 exegeticam
497 2387 696 2448 dissertationem
713 2389 857 2434 accuratius
875 2403 933 2434 exa·

108 2475 241 2531 nrineruus,
269 2480 446 2534 postremoque
468 2473 498 2518 de
516 2473 642 2519 historicis
658 2473 808 2532 rationibus,
838 2461 933 2535 quaea

109 2560 201 2607 criticis
218 2561 417 2621 Tubingensihus
435 2560 466 2619 de
492 2561 586 2625 origine
612 2561 745 2625 earundem
772 2560 932 2622 epistolarum

109 2662 139 2693 ex
157 2647 269 2709 partibus
286 2646 460 2693 Gnosticorum
478 2648 624 2695 deducenda
648 2649 673 2708 in
693 2649 798 2704 medium
819 2647 931 2709 prolatae

108 2737 179 2792 sunt,
199 2749 281 2793 {rauca
300 2735 427 2782 addamus.

172 2820 251 2872 Quum
271 2837 337 2883 vero
354 2822 494 2879 timeamus,
522 2836 554 2868 ne
581 2821 623 2868 vel
643 2821 774 2881 exegetica
790 2822 821 2867 de
838 2822 931 2880 nostris

109 2904 220 2967 epistolis
237 2922 252 2952 a
267 2908 350 2955 Bauro
367 2908 477 2955 instituta
487 2909 633 2970 disputatio,
649 2907 740 2968 quippe
752 2923 816 2969 quae
833 2924 849 2955 a
862 2917 932 2957 certa
1009 2966 1014 2975 ,p

107 2994 214 3055 quadam
235 2993 383 3041 christianae
409 2979 535 3050 ecclesiae
557 2994 659 3042 orientis
683 2993 789 3055 imagine
806 3012 822 3054 a
838 2997 930 3043 Tuhin-
982 2992 985 2994 ’
1008 2987 1015 2999 L

107 3081 225 3150 gensihus
243 3080 336 3127 criticis
352 3079 434 3126 efficta
451 3080 634 3141 proficiscatur,
655 3080 733 3130 ruinas
749 3090 820 3130 reate
840 3081 930 3129 intelli-
