2035 3500
889 165 925 219 21

101 311 161 367 Dei,
179 324 250 371 quem
266 323 316 356 una
333 324 389 368 cum
405 308 587 356 Valentinianis
603 307 651 355 sibi
668 307 735 355 Baur
751 309 856 372 effinxit,
872 314 924 376 uult

102 395 227 458 complere
245 397 357 456 criticus,
374 409 476 442 sensum
491 396 616 454 locorum,
633 410 696 458 quos
714 396 810 455 citavit,
825 405 924 459 oporte-

102 484 176 531 bitin
193 483 342 530 contrariam
360 480 459 529 trabere
476 492 579 544 partem.
608 484 788 538 Quum‘autem
804 500 854 531 non
870 485 924 546 ple·

102 585 171 616 roma
188 569 279 615 Christi
294 567 434 614 inhabitare
449 570 474 615 in
490 570 557 627 Deo,
573 572 619 618 sed
635 571 780 631 viceversa‚
798 571 923 631 placuisse

102 655 170 711 Deo,
197 653 223 701 ut
242 655 353 715 pleroma
374 655 512 703 Divinitatis
538 657 686 704 inhabitaret
700 658 725 704 in
742 656 841 725 Christo
857 660 925 718 apud

101 739 313 802 Paulum‘cxstet:
338 757 389 788 non
403 742 437 798 is,
466 743 491 789 in
508 743 722 804 quo‘inhabitatur
738 747 804 808 ejus,
830 745 872 807 qui
889 745 924 792 in-
972 784 976 787 .

74 879 79 885 ,
99 827 206 883 habitat,
221 828 368 874 vacuitatem
387 828 512 890 complere
532 836 575 876 est
588 832 738 879 censendus.
770 833 864 879 Verum
879 848 924 892 po·

101 913 149 958 tius
166 926 199 956 ex
220 913 282 973 ipsis
299 913 443 975 Scripturas
459 916 544 963 verbis
560 923 678 977 apparet,
706 918 882 964 abundantiam
899 927 924 965 et

99 998 282 1071 plcnetutlinem
302 1000 348 1048 Dei
370 1001 495 1063 prop-riam
519 1003 588 1048 cerui
602 1003 628 1048 iu
649 1001 761 1063 Christo,
789 1006 830 1066 qui
845 1005 924 1066 ipsius

100 1085 148 1131 Dei
164 1085 246 1146 imago
262 1088 302 1133 sit.

161 1172 353 1221 Verumtamen
372 1174 443 1240 etiam
463 1173 562 1221 Christo
588 1182 627 1219 est
646 1173 751 1235 aliquid,
778 1177 845 1237 quod
865 1176 923 1236 vipsc

100 1258 221 1320 complet,
237 1275 287 1306 non
304 1275 363 1306 vero
381 1260 460 1307 Deum
479 1261 526 1307 secl
541 1260 656 1308 homines
671 1260 767 1307 fideles
799 1261 842 1307 Ait
859 1261 924 1307 euim

99 1343 241 1405 apostolus:
258 1344 324 1402 „cal
338 1346 390 1392 ἕστε
406 1346 432 1392 ἓν
448 1347 514 1406 αὐτῷ
529 1345 731 1406 πεπληρωμεῶοιίὶ
763 1344 787 1390 Ji
808 1346 881 1406 igitur
897 1347 922 1391 in

99 1431 198 1491 Christo
216 1439 273 1477 sunt
294 1430 396 1491 repleti,
411 1432 465 1491 ‘qui
488 1432 512 1475 in
534 1446 565 1476 eo
583 1431 725 1477 circumcisi
745 1438 802 1476 sunt
819 1432 922 1477 circum-

98 1516 263 1582 cisionenon
280 1518 393 1563 inanibus
408 1515 488 1580 facta,
515 1517 628 1563 exuendo
646 1530 753 1576 corpore
771 1517 862 1575 carnis,
876 1517 924 1564 cir-

99 1602 248 1648 cumcisione
260 1601 360 1659 Christi,
372 1603 412 1663 qui
423 1599 478 1648 cum
489 1617 519 1648 eo
532 1592 621 1662 sepulti
639 1610 696 1647 sunt
711 1602 736 1647 in
752 1603 876 1663 baptismo
892 1604 924 1649 si·

99 1688 197 1749 mulque
213 1688 328 1735 suscitati
343 1704 390 1749 per
407 1687 481 1734 fidem
498 1686 556 1748 (Col
572 1688 600 1743 2,
619 1686 648 1730 12
660 1694 685 1731 et
694 1686 747 1746 13),
764 1703 826 1747 quos
835 1702 922 1735 omues

99 1774 213 1821 Christus
228 1774 310 1834 replet
326 1789 356 1820 ea
373 1774 506 1820 divinitatis
521 1772 685 1833 plenitudiue,
711 1787 777 1833 quae
791 1781 818 1819 ut
834 1788 923 1834 corpo-

51 1868 52 1871 ’
97 1859 183 1907 raliter
198 1860 223 1906 iu
241 1875 270 1907 eo
288 1858 393 1917 habitet,
413 1859 469 1905 Deo
487 1858 587 1918 placuit.

159 1926 216 1990 Jam
246 1945 369 1991 Christum
394 1952 454 2010 uon·
470 1941 518 1988 Dei
544 1957 602 1989 csse
628 1942 845 2003 complementum,
876 1943 924 1989 scd

98 2046 114 2076 a
128 2031 183 2077 Dec
199 2028 321 2090 repletum
338 2027 463 2075 ecclesiae
477 2025 695 2087 complementum,
727 2027 832 2072 maxime
851 2041 924 2087 aper·

98 2125 149 2164 tum
182 2123 221 2162 est
253 2132 285 2162 ex
312 2113 418 2175 epistola
449 2114 482 2159 acl
506 2112 629 2172 Ephesios
655 2113 681 2168 l,
707 2113 738 2157 ‘³2
763 2120 787 2158 et
811 2111 849 2157 23.
887 2112 924 2158 lbi

99 2202 163 2249 enim
180 2201 295 2247 Christus
313 2200 400 2245 dicitur
421 2205 540 2259 tanquam
560 2203 636 2257 caput
651 2211 666 2241 a
681 2196 735 2242 Deo
751 2197 848 2256 positus
864 2211 923 2243 esse

62 2346 64 2348 Ι
99 2303 176 2348 supra
193 2287 273 2333 onrniu
292 2284 433 2339 ecclesiae,
458 2293 521 2343 quae
537 2281 670 2341 (ecclesia)
688 2288 727 2328 est
744 2297 838 2342 corpus
854 2282 923 2328 Chri.

98 2374 129 2420 sti
145 2370 192 2429 „ab
207 2370 322 2432 πλήρωμα
337 2370 378 2417 τοῦ
393 2366 423 2415 τὰ
439 2367 519 2415 πάντα
534 2368 559 2413 ἓν
574 2369 634 2414 πᾶσι
649 2365 843 2427 πληρουμένουιζ.
868 2367 923 2420 Quo

100 2459 198 2522 quidem
225 2458 283 2504 loco
306 2455 429 2520 quomodo
453 2460 481 2500 et>
499 2451 613 2500 Christus
637 2452 772 2498 ecclesiam
790 2452 923 2512 compleat,

98 2547 234 2604 rursusque
251 2545 283 2589 ab
303 2542 414 2588 ecclesia
430 2539 486 2598 ipse
502 2537 629 2598 repleatur
646 2537 754 2583 dilucide
771 2545 809 2582 est
824 2538 924 2583 damon·

98 2638 210 2678 stratum.
237 2628 300 2674 Nam
320 2621 433 2670 Christus
447 2632 523 2685 caput
539 2640 613 2686 quum
630 2623 662 2670 sit
678 2621 814 2677 ccclesiae,
831 2621 925 2682 indiget

99 2729 220 2777 corpore,
238 2712 322 2774 cujus
346 2712 378 2757 sit
406 2718 494 2771 caput,
524 2725 602 2771 quare
627 2709 735 2755 ccclesia
753 2716 794 2768 lest
813 2708 926 2767 pleroma

100 2801 200 2849 Christi.
231 2800 317 2853 Quum
327 2812 387 2843 vero
406 2811 512 2856 corpus,
533 2797 572 2841 cui
587 2796 658 2846 deest
676 2799 762 2853 caput,
785 2794 926 2852 obtruncati

99 2887 179 2945 magis
195 2884 338 2939 cadaveris,
355 2897 428 2944 quam
443 2883 493 2928 vivi
510 2882 624 2943 corporis
635 2879 751 2938 speciem
767 2896 830 2940 prae
846 2896 875 2927 se
889 2880 926 2925 fe-

100 2978 151 3018 rat:
170 2969 286 3018 Christus
306 2985 338 3017 ex
355 2984 402 3016 sua
415 2976 487 3030 parte
505 2967 612 3028 complet
629 2965 778 3021 eeclesiam,
794 2966 848 3012 sive
860 2978 926 3009 emn-

101 3058 251 3120 plementum
268 3063 307 3102 est
324 3055 463 3113 ccclesiae,
478 3057 498 3111 i.v
509 3071 531 3102 e.
548 3053 635 3113 efficit,
651 3061 759 3115 atquae
775 3052 800 3097 in
816 3064 845 3096 se
858 3049 928 3096 inha-

100 3146 163 3194 bitat
179 3143 228 3191 Dei
248 3142 375 3205 plenitudo
395 3143 572 3205 corporaliter,
596 3157 612 3189 a
628 3156 657 3189 se
674 3148 788 3201 tanquam
806 3135 888 3196 capite
903 3138 929 3183 in
