2035 3500
137 175 173 229 34

135 326 200 373 iuter
212 325 278 372 dona
293 324 388 384 gratiae
406 322 460 377 Dei,
476 321 603 384 dequibus
619 321 701 390 agitur
716 337 789 369 versu
806 325 921 385 septimo,
938 335 962 370 et

137 412 287 459 descensum
298 409 389 458 Clu-isti
400 408 432 454 ad
446 407 543 456 inferos
559 408 719 471 ejusdemque
733 408 886 469 captivorum
903 410 963 458 libe·

137 498 272 544 randorum
283 506 308 544 et
323 496 521 544 reducendorum
529 496 688 556 11eg0ttumt“
718 496 791 543 Nulla
803 498 908 559 quidem,
925 513 963 545 re.

137 586 246 647 spondet
255 585 364 638 criticus,
381 582 561 639 sedattendite,
578 595 667 630 auctor
678 583 797 644 epistolae
810 583 874 631 febri
890 598 961 646 quas·
1017 572 1018 592 ³

137 659 208 719 satur
222 669 396 716 intermittenti.
431 669 578 729 Priusquam
594 670 658 716 enim
675 686 774 716 versum
790 669 856 715 illum
870 669 962 716 Psalmi
991 724 993 727 .
1017 732 1018 735 Ἰ

137 754 250 809 adduxit,
272 752 341 799 nullo
366 754 440 800 modo
461 753 593 800 meditatus
615 762 654 800 est
674 756 704 802 de
725 757 850 801 descensu
871 753 962 801 Christi

136 840 279 901 adiufems
295 841 481 891 sedtanturnde
497 841 568 889 donis
580 843 683 907 gratiae.
698 842 778 898 Quum
791 857 859 905 vero,
876 840 962 890 nescio

137 931 273 996 quomodo,
305 944 394 978 versus
418 931 458 977 ille
485 931 576 977 citatus
606 930 694 979 litteris
715 932 845 978 mandatus
867 931 899 977 sit
930 931 962 976 ab

136 1018 264 1080 apostolo,
282 1018 372 1064 mentis
388 1019 536 1066 alienatione
553 1019 618 1065 idem
634 1019 733 1065 laborat
749 1034 794 1080 per
809 1033 900 1065 versus
915 1032 962 1064 no-

134 1120 192 1152 num
210 1110 237 1150 ,et
256 1102 390 1159 decimum,
411 1104 493 1150 donec
516 1105 580 1150 redit
606 1106 702 1151 artimus
726 1120 803 1151 versu
822 1105 961 1151 andecimo.

134 1192 220 1252 ltaque
237 1188 392 1249 deploranda
413 1189 478 1235 haec
498 1190 605 1235 amentia
621 1191 731 1236 auctoris
748 1199 851 1237 nostrae
867 1192 962 1251 episto*
1017 1196 1018 1199 ’

135 1275 191 1322 lae?
224 1274 338 1328 Minime,
355 1274 433 1334 iuquit
449 1275 564 1334 criticus,
579 1275 652 1320 immo
669 1290 749 1320 meum
766 1284 805 1322 est
821 1276 910 1321 indicia
926 1276 962 1320 in·
1017 1290 1018 1293 ¹

134 1361 221 1411 suniae
237 1359 383 1421 systematis
402 1359 485 1406 forma
505 1363 661 1421 componere.
694 1360 759 1414 Quia
783 1361 859 1416 enim,
880 1360 962 1420 pergit
1016 1352 1018 1412 Ῑ

134 1452 210 1507 Bam,
227 1449 259 1496 de
269 1447 368 1496 Christo
385 1448 475 1496 dictum
492 1450 532 1508 sit,
549 1445 607 1507 „ivo
621 1448 731 1513 πληρώσῃ
747 1448 777 1498 τά
787 1447 890 1507 auvam,
907 1447 961 1496 fieri

134 1555 186 1587 non
193 1537 280 1600 potuit,
290 1537 346 1598 quin
360 1536 432 1583 sicuti
450 1535 576 1598 „huepointa
585 1536 680 1585 πάντων
697 1538 743 1585 τῶν
757 1537 866 1599 οὐρανῶν
874 1552 961 1584 ascelt-

135 1629 214 1681 deret,
229 1626 263 1670 itu
274 1624 347 1669 etiam
364 1624 413 1679 „eie
426 1621 457 1670 ul
470 1625 592 1685 κατώτερα
606 1624 664 1686 μέρη
679 1625 718 1682 τῆς
732 1625 778 1686 γῆς
788 1625 961 1670 descenderet.

134 1713 223 1760 Omnia
237 1719 328 1767 autem,
343 1709 411 1756 nulla
424 1708 543 1758 'Universi
557 1718 629 1771 parte
647 1718 766 1770 excepta,
785 1710 907 1772 quomodo
923 1725 960 1756 re·

133 1798 205 1859 plere
218 1797 346 1858 potuisset
357 1795 480 1855 Christus,
496 1797 543 1843 nisi
559 1797 623 1842 idem
635 1797 710 1856 spatii
726 1795 880 1842 intervallum
891 1791 962 1842 deor·
1016 1818 1018 1821 ’

133 1899 186 1929 sum
203 1890 273 1928 esset
289 1896 415 1937 emensus,
432 1882 606 1943 quodsursum
618 1880 779 1927 confecerat?
812 1880 894 1940 Atque
904 1880 960 1940 ipso

134 1969 232 2030 quidem
253 1967 423 2025 comparativo
448 1964 626 2025 (‚,na⁷oircpo“)
647 1965 814 2023 significatur,
836 1957 960 2019 Christum
1014 1976 1018 2015 ,ἰ

134 2064 184 2104 tam
201 2054 250 2102 alte
270 2053 392 2101 inimum
414 2059 506 2100 terram
523 2051 699 2114 descendisse,
722 2067 796 2115 quam
817 2067 862 2114 per
878 2068 961 2101 rerum

132 2155 246 2194 naturam
265 2149 354 2205 posset
376 2142 476 2191 admitti.
512 2140 567 2188 Hoc
587 2131 661 2204 igitur
681 2143 769 2188 munus
790 2156 848 2189 esse
869 2141 961 2190 Christi
1015 2205 1018 2209 ,

132 2239 219 2280 nostro
234 2232 293 2275 loco
307 2231 450 2286 edocemur,
465 2230 531 2290 quod
547 2229 568 2274 is
585 2229 626 2290 qui
642 2228 846 2289 complementum
863 2230 895 2275 sit
911 2245 960 2275 om·
1015 2226 1018 2279 ξ

131 2319 207 2374 nium,
222 2330 318 2364 summa
333 2323 408 2378 atque
424 2316 598 2363 imaUniversi
607 2330 653 2362 sua
665 2315 817 2375 plenitudine
829 2315 959 2377 compleat.

132 2405 216 2465 Atque
236 2402 309 2463 hujus
330 2403 429 2462 quidem
455 2402 583 2447 doetrinae
608 2402 639 2447 de
664 2402 789 2448 descensu
809 2400 902 2448 Clu-isti
926 2405 958 2449 ad

132 2491 195 2537 imos
211 2487 284 2535 locos
300 2487 384 2533 mundi
401 2487 471 2547 origo
490 2487 513 2533 si
531 2487 610 2533 minus
628 2501 642 2533 e
658 2486 756 2548 placitis
773 2486 960 2536 Valentiniano·

131 2591 194 2632 rum,
210 2582 291 2620 tamen
308 2587 323 2619 a
339 2571 477 2618 Marcionis
494 2571 624 2633 disciplina
641 2582 680 2620 est
697 2575 843 2634 repetenda.
1013 2628 1015 2631 ι

194 2659 323 2704 Hactenus
347 2658 448 2702 criticus
471 2664 564 2705 noster.
613 2659 653 2705 Ao
682 2674 743 2705 sane
770 2660 869 2719 quidem
899 2659 958 2704 nulli

131 2743 179 2794 nisi
195 2743 318 2802 Gnostici,
335 2743 494 2808 geometricis
509 2743 566 2805 illis,
584 2759 646 2808 quas
656 2729 724 2792 Baur
739 2743 848 2808 protulit,
866 2743 957 2792 dimen·
1014 2766 1016 2769 ·

132 2834 243 2882 sionibus
254 2833 417 2895 depingendis
434 2850 536 2895 operam
550 2844 679 2883 navarunt.
714 2834 789 2896 Apud
798 2833 899 2881 Paulum
915 2850 957 2883 au·

131 2929 181 2970 tem
199 2920 256 2982 quid
278 2912 395 2983 scriptum
416 2924 458 2984 sit,
474 2922 496 2970 si
517 2922 660 2970 accuratius
675 2921 890 2985 perspexerimus,
906 2939 956 2972 non

130 3006 273 3072 apostolum
283 3018 399 3069 vagatum
406 3024 464 3057 esse
472 3011 564 3066 animo,
572 3009 618 3056 sed
627 3008 737 3056 criticum
745 3009 900 3060 manifestum
907 3011 955 3060 fiet.
1011 2991 1014 3044 ’Ῐ
