2035 3500
728 230 730 233 ι
784 248 786 253 Ι
821 136 833 174 ,ι
865 181 905 255 49

41 348 43 351 ’
74 328 116 390 gia
133 324 296 389 ‘epistolarum
320 323 568 391 ejusdem'ap'ostoli,
594 335 698 390 quarum
714 328 901 390 originemnon

27 428 29 431 ·
75 423 219 476 suspectam
235 414 329 462 habent
350 415 429 461 critici
443 416 534 473 nostri,
559 413 666 462 alienum
683 411 738 462 sitz‘
754 424 836 464 tamen
852 433 902 465 non

74 500 232 563 negabimus,
255 496 409 560 apostolum,
437 515 510 561 quum
526 510 626 549 nostras
644 504 901 564 conciperet-episto

74 587 168 643 las‚-in
185 594 288 632 aeterna
303 586 432 655 potius-ac
445 587 526 632 divina
538 587 629 634 Christi
645 596 734 635 natura
750 585 902 637 celebranda

75 673 154 721 fuisse
170 663 331 735 occupatum,
352 686 430 741 quam
443 690 523 736 quum>
537 682 635 722 ceteras
650 677 827 723 conscriberet.
858 677 902 724 At-

76 756 124 823 que
139 755 189 823 hoc
205 761 302 825 quidem
320 761 443 823 quomodo
462 762 635 823 explicandum
651 764 702 824 sit,<
718 760 799 810 animo
817 765 902 812 consi-

76 850 225 897 derabimus.
255 847 311 895 Jam
325 847 374 894 hac
388 849 414 896 in
433 840 671 910 resenpediendaii
685 834 902 898 veliementerer·
967 910 969 914 .

76 951 149 983 rasse
165 938 293 995 videntur,
319 936 373 997 qui,
391 935 532 995 apostolum
548 936 678 982 donativa
692 937 771 996 ipsius
789 937 903 984 doctrina

77 1024 216 1081 destitisse,
241 1023 334 1084 opinati
355 1021 435 1068 sunt·
452 1021 537 1068 Potius
554 1023 576 1070 si
593 1023 713 1083 epistolas
730 1022 814 1081 Pauli,
839 1013 906 1086 quas

76 1111 160 1171 priore
181 1125 236 1156 cunr
249 1110 303 1179 iis,
335 1123 398 1170 quas
413 1110 553 1170 posteriore
574 1111 641 1158 vitae
657 1118 739 1157 aetate
755 1114 902 1172 composuit,

76 1197 215 1258 diligentius
232 1194 470 1257 comparaverimus,
486 1193 592 1251 eundern
600 1198 741 1258 apostolum
749 1198 815 1243 idem
827 1213 902 1244 cvan-

76 1283 166 1345 gelium
182 1299 228 1344 pro
246 1284 346 1330 diversa
363 1290 388 1329 et
402 1280 528 1329 ecclesiae
543 1281 671 1331 nascentis
697 1292 722 1330 et
741 1284 822 1344 ipsius
842 1298 903 1344 apo-

58 1389 62 1392 ’
76 1369 134 1417 stoli
148 1371 214 1416 vitae
230 1371 369 1417 conditione
386 1369 520 1416 tradidisse
530 1371 572 1416 vix
586 1370 677 1431 poterit
692 1384 739 1416 nos
757 1371 902 1431 praeterire.

76 1457 140 1503 Nam
164 1464 188 1503 et
210 1455 292 1512 Pauli,
323 1457 365 1502 nbi
384 1463 488 1517 quatuor
504 1451 578 1513 suas3
606 1471 669 1517 quas
681 1458 799 1503 ⁴sinceras
816 1463 904 1516 putant

76 1543 154 1589 critici
170 1543 355 1603 Tubingensesj
378 1540 496 1602 epistolas
512 1543 640 1602 concepit,
660 1549 684 1588 et
700 1541 824 1609 ccclesiae
840 1541 903 1587 alius

78 1624 132 1676 erat
154 1636 234 1676 status
248 1643 288 1674 ac
312 1628 433 1687 conditio,
464 1642 537 1688 quam
561 1643 635 1689 quum
653 1610 798 1674 snostrarum
817 1635 903 1673 auctor

77 1715 177 1763 exstitit.

133 1798 231 1847 'Paulus
252 1800 316 1845 eninr
330 1806 461 1861 antequam
480 1800 505 1845 in
523 1799 661 1846 custodiam
678 1800 751 1846 datus
768 1808 820 1860 est,
848 1808 904 1846 tan—

79 1896 128 1936 tum
147 1880 255 1935 studium
277 1887 309 1932 ad
329 1878 482 1947 evangelium
500 1880 646 1954 tradendum
664 1886 779 1944 contulit,
807 1894 833 1933 ut
848 1880 903 1948 ipse

78 1980 197 2033 testetur,
214 1973 318 2043 amplius
335 1989 364 2021 se
380 1974 472 2021 ceteris
488 1976 601 2022 omnibus
618 1983 750 2038 operatum
766 1990 824 2022 esse
843 1991 904 2037 apo-

77 2056 148 2113 stolis
165 2063 195 2125 (l
218 2051 391 2123 corcram).
424 2060 510 2122 Opera
526 2068 622 2118 autern,
653 2064 905 2124 quam-impendebat

77 2151 241 2215 propagando
251 2145 394 2209 'evangelio
420 2149 445 2194 in
466 2163 496 2195 co
517 2149 679 2210 versabatur,
707 2149 773 2211 quod
789 2156 813 2195 et
829 2150 904 2196 dooe—
924 2211 929 2215 .

77 2232 132 2298 bat,
145 2239 224 2301 ‘quid
242 2234 336 2295 factum
356 2232 425 2282 esset
448 2234 536 2282 aDco
554 2251 600 2297 per
617 2234 741 2283 Gbristum
757 2237 782 2282 in
798 2235 903 2283 salutem

79 2335 104 2374 ct
118 2327 271 2373 ludaeorum
288 2330 313 2369 et
327 2323 450 2382 gentium,
467 2330 491 2368 et
506 2305 668 2383 impugnabat
684 2337 797 2380 errores,
814 2324 855 2384 qui
872 2325 903 2370 ab

78 2415 190 2475 utrisque
218 2411 411 2472 spargebantur.
449 2409 536 2456 Omnis
551 2416 638 2456 autem
661 2410 770 2471 apostoli
791 2426 821 2456 eo
840 2387 905 2457 rbdit

80 2501 203 2555 doctrina,
231 2505 258 2544 ut
278 2498 325 2543 sibi
345 2497 520 2557 interroganti:
552 2491 691 2565 „miserum
714 2512 753 2544 me
773 2485 905 2555 honinem

79 2588 134 2651 quis
153 2579 197 2632 mc
218 2584 306 2645 eripiet
327 2599 360 2631 ex
383 2584 431 2632 isto
456 2598 565 2645 corpore
588 2582 714 2630 mortis-‘W
745 2584 905 2644 respondeat.

79 2675 145 2735 lpse*
156 2674 219 2720 enim
229 2672 371 2733 priusquam
383 2671 489 2717 divinam
504 2670 570 2717 illam
577 2671 755 2718 revelationem
768 2655 797 2716 in
807 2670 906 2719 Christo

80 2767 233 2809 consecutus
259 2766 309 2807 est:
337 2757 482 2820 praeceptis
498 2748 847 2805 lllosai'cis'verecundissime
864 2761 907 2805 ob·

80 2841 211 2895 servandis
237 2845 386 2892 desiderium
406 2860 477 2891 suum
493 2845 605 2906 justitiae
620 2844 674 2896 Dei
690 2843 792 2905 explere
809 2860 904 2892 summo

80 2933 177 2996 quidem
193 2933 323 2979 studuerat
336 2932 443 2993 ardore,
458 2947 539 2994 neque
552 2940 638 2979 tamen
654 2930 812 2979 ¹suisviribus
826 2931 906 2993 legem

80 3021 133 3068 Dei
147 3026 263 3081 potuerat
279 3019 423 3067 observare.
464 3012 467 3015 “
840 3005 844 3008 .

113 3135 114 3139 =
142 3107 197 3157 Sed*
215 3098 378 3168 posteaquam
400 3104 520 3167 singulari
538 3105 591 3151 Dei
603 3105 684 3165 gratia
703 3106 728 3151 in
746 3104 834 3160 Saulo,
868 3105 909 3166 qui

742 3181 755 3214 4
