2035 3500
129 171 165 224 50

131 316 215 363 aerius
235 315 323 375 patriis
340 313 458 360 studebat
472 309 656 375 traditionibus}
671 313 747 359 Filius
756 313 803 359 Dei
816 311 959 373 patefactus

133 410 186 457 est,
202 408 276 461 atque
292 402 347 461 ipse
364 399 395 444 ad
411 396 769 458 evangeliumpraedicandum
780 407 886 446 vocatus
898 413 958 458 apo·

133 486 234 540 stolust-
261 501 292 533 ea
309 498 403 532 summa
425 491 478 530 erat
497 484 604 545 apostoli
622 486 763 543 doetrinae,
795 484 861 546 quod
877 498 959 545 neque

133 593 168 629 ,ex
182 576 239 639 lege
255 573 316 633 Dei,
331 571 445 619 revelata
460 586 506 635 per
522 572 653 635 Moysern7
670 581 774 621 cunctos
786 570 907 620 homines
919 584 959 616 re·

135 667 272 726 darguente
288 676 372 708 coram
385 660 441 707 Deo
456 668 620 722 peccatores,
637 677 716 724 neque
734 677 771 709 ex>
781 659 960 707 infirmitatem

135 751 295 813 corruptione
316 750 399 795 carnis
420 748 556 806 humanae,
590 753 654 812 qnae
680 764 764 796 coram
784 748 839 795 Deo
861 755 900 794 est
916 746 959 807 jo-

135 840 215 895 stitia,
225 837 412 899 proficiscatur,
428 839 474 885 sed
490 840 572 899 potius
582 853 621 884 ven
637 838 695 896 fide,
713 852 776 899 quae
792 835 895 895 gratiam
911 833 961 879 Dei

136 927 230 987 excipit
246 926 408 972 condonatam
425 926 450 971 in
466 925 565 973 Christo
582 924 656 980 desu‚
678 925 718 985 qui
736 930 836 984 propter
852 924 960 981 peccata

132 1018 221 1070 nostra
245 1011 317 1062 morti
338 1012 443 1059 traditus
461 1020 490 1060 ‘et
509 1021 611 1074 propter
633 1010 832 1074 justificationem
848 1015 959 1054 nostram

133 1104 291 1144 resurrectos
316 1097 357 1146 sit.
390 1098 476 1160 ltaque
499 1114 562 1160 quos
580 1114 627 1158 per
648 1097 759 1159 spiritum.
778 1096 874 1158 gratiae
888 1095 960 1141 Deus

135 1183 291 1243 adoptaverit
310 1182 386 1239 filios,
419 1199 464 1231 eos
485 1184 538 1245 jam
558 1198 608 1229 non
628 1184 674 1229 sub
692 1183 761 1243 ¹legis
780 1197 838 1228 esse
857 1181 975 1228 servitio-

132 1250 219 1330 *neque
235 1277 345 1315 mortuos
362 1270 483 1333 peccatis,
499 1270 546 1316 sed
562 1270 613 1316 sub·
625 1269 682 1329 lege
697 1267 819 1315 libertatis
834 1274 859 1333 et
875 1267 960 1313 viven-

136 1363 173 1402 tes
189 1356 214 1400 in
233 1352 340 1401 Christo.

194 1444 308 1502 Apparet
330 1448 425 1497 autern,
442 1441 464 1487 si
485 1456 528 1488 eas
545 1434 613 1488 Pauli
635 1439 755 1501 epistolas
767 1447 959 1501 pertractamus,

135 1544 198 1591 quas
214 1528 338 1588 concepit,
360 1542 433 1589 quum
446 1528 502 1588 ipse
519 1528 543 1572 in
559 1526 689 1590 evangelio
705 1528 763 1573 viva
783 1542 846 1573 voce
862 1527 960 1587 praedi·

135 1618 228 1673 cando,
242 1618 268 1662 in
284 1613 400 1662 ecclesiis
414 1614 564 1671 condendis,
581 1614 707 1660 erroribus
723 1613 870 1671 refutandis,
887 1616 959 1661 mori·

134 1695 181 1748 bus
204 1701 355 1761 castigandis
383 1706 520 1761 occupatus
545 1708 626 1758 esset,
659 1700 765 1746 maxime
790 1710 959 1762 argumentum
1017 1707 1018 1720 ¹

136 1803 220 1834 earum
236 1788 334 1833 versari
358 1789 382 1833 in
401 1787 509 1833 materiis
530 1785 742 1849 anthropologicis
762 1794 787 1833 et
802 1787 960 1848 soteriologi-

135 1874 172 1920 cis
194 1874 340 1937 tractandis.
371 1873 467 1919 Etenim
488 1874 528 1919 ubi
548 1873 700 1933 singularum
719 1873 882 1920 ecclesiarum
899 1888 960 1920 cura

136 1961 270 2007 obstrietus
288 1961 418 2020 apostolus
440 1967 482 2006 aut
496 1959 648 2007 ludaeorum
664 1960 720 2021 lege
735 1960 833 2022 Moysis
849 1960 960 2020 glorian-

135 2048 194 2093 tium
212 2055 254 2092 aut
270 2047 378 2107 gentium
392 2046 500 2093 humana
515 2044 689 2105 confidentium
702 2048 838 2107 sapientia,
855 2047 959 2096 salutem

134 2141 246 2194 spectat:
262 2148 294 2178 *a
312 2134 457 2195 peceatrice
476 2132 601 2179 hominum
620 2140 710 2180 natura
730 2134 887 2194 depingenda
902 2151 959 2196 pro·

134 2220 217 2267 sectus
234 2220 265 2264 ad
286 2235 342 2267 eum
358 2220 478 2267 convertit
498 2219 588 2266 oeulos
605 2219 690 2278 animi,
718 2222 759 2283 qni
776 2235 822 2268 suo
838 2221 959 2282 sanguine

133 2314 296 2367 peecatorum
313 2306 403 2352 sordes
420 2306 525 2352 abluerit
541 2321 657 2368 novaque
674 2316 795 2368 purgatos
807 2308 908 2368 justitia
924 2309 959 2354 in-

135 2385 222 2437 duerit.
255 2392 340 2445 Quare
355 2392 439 2452 priore
456 2392 546 2438 aetatis
566 2376 678 2452 tem-pore
693 2393 818 2453 idpotins
832 2396 883 2456 agit
899 2409 958 2456 apo-

131 2477 225 2533 stolus,
257 2485 283 2523 ut
302 2478 327 2523 in
348 2477 445 2523 animos
464 2477 566 2524 indueat
587 2484 611 2523 et
632 2479 769 2526 auditorum
792 2478 958 2537 aleatorum,

132 2565 180 2611 Dei
195 2564 269 2610 Filius
286 2564 343 2625 quid
360 2562 450 2609 fecerit
465 2564 497 2608 ad
514 2562 627 2610 homines
643 2572 792 2624 peccatores
811 2566 957 2625 salvandos,

134 2665 210 2710 quare
226 2665 319 2711 passus
335 2651 367 2697 sit
384 2664 415 2697 ae
432 2649 609 2706 resuscitatus,
627 2659 754 2710 quarunt,
771 2666 894 2712 quaenam
903 2653 958 2713 ipsa

133 2749 179 2795 per
196 2750 224 2781 se
248 2735 323 2783 faerit
345 2743 434 2782 natura
450 2735 541 2783 Christi
563 2737 616 2783 sive
638 2737 777 2784 substantia
796 2736 957 2798 philosopho-

133 2836 186 2867 rum
204 2837 272 2868 more
293 2824 447 2870 demonstret
466 2837 497 2868 ae
515 2822 660 2891 describat
682 2824 810 2885 Proprium
826 2830 876 2878 -est
893 2825 957 2872 enim

132 2907 203 2964 fidei,
229 2910 339 2969 ueprius
356 2910 463 2972 patiatur
479 2923 561 2972 quam
574 2918 646 2970 agat,
669 2918 743 2970 atque
756 2915 783 2956 ut
799 2909 880 2970 ipsum
897 2911 956 2959 fidu·

131 2998 185 3045 riae
203 3011 304 3044 sensum
321 2999 352 3044 ab
369 3013 411 3055 ao,
429 2997 468 3043 cui
485 2996 547 3044 fides
563 2985 682 3055 habetur,
707 2996 748 3044 vix
765 3005 867 3060 separet
882 3006 956 3061 atque

131 3093 220 3134 exacte
245 3084 386 3146 distinguat.
421 3084 572 3155 Cognitionis
594 3091 676 3133 autern
699 3092 751 3144 est,
782 3087 808 3134 id
827 3088 893 3150 qrrod
910 3090 955 3137 ob-
