2035 3500
97 101 177 186 'ssat
277 101 278 104 ‘

138 282 217 323 tatem*
231 274 288 323 lidei
309 284 334 323 et
346 276 501 339 'cognitionis
518 273 573 320 Filii
589 274 650 330 Dei,
675 274 707 320 ad
724 274 807 321 virum
818 272 964 335 perfeetum,

139 363 170 409 ad
193 378 336 409 mensuram
358 362 447 410 aetatis
471 361 586 420 corporis
611 359 703 408 christi
728 359 744 406 i.
764 374 785 405 e.
805 361 838 406 ad
869 360 964 406 virilem

139 448 263 496 eeclesiae
280 429 393 516 aetatem.
410 471 438 482 a
455 446 499 493 Sin
515 461 577 493 vero
595 447 727 508 genitivum
746 446 817 506 (fiori
829 447 963 506 Xssrurotss)

138 529 276 596 accipimus
295 550 371 582 sensu
395 534 547 595 subjective:
558 523 560 527 ’
573 567 589 591 „
596 532 711 595 πλήρωμα
732 534 775 581 τοῦ
790 532 917 595 Χριστοῦὗ(
933 545 964 577 ea

140 632 210 669 esset
225 622 360 682 plenitudo,
383 634 448 682 quae
463 621 566 682 propria
583 630 621 668 est
638 619 740 670 Christi.
773 620 859 681 ltaque
874 617 964 664 adhor-

138 715 237 755 taretur
248 707 390 768 apostolus,
413 713 441 752 ut
461 708 649 768 perveniremus
669 708 704 752 ad.
718 707 807 770 aetatis
823 704 964 752 mensuram

140 796 195 857 ejus
211 794 386 855 plenitudinis,
402 809 475 855 qnam
491 795 546 854 ipse
563 792 676 840 Christus
691 792 831 854 complevit.
898 844 900 846 ,
950 823 952 827 .

200 882 253 929 Sed
274 898 321 929 nos
341 882 439 945 quidem
459 881 568 941 priorem
587 878 752 942 praeferimus
782 881 964 941 interpretatio-

138 986 208 1027 nem,
243 971 289 1016 etsi
311 977 415 1031 utraque
434 967 564 1015 loeiillius
582 967 713 1030 explicatio
732 967 965 1030 disputationisno-

138 1064 206 1103 strae
223 1056 327 1102 consilio
345 1057 439 1116 optime
458 1057 618 1116 respondeat.
863 1120 865 1123 ι

200 1143 255 1189 lam
272 1144 304 1204 si,
325 1157 391 1204 qnae
407 1141 474 1187 Baur
490 1143 523 1187 ad
539 1142 744 1204 significationem
760 1140 875 1199 vocabuli
891 1148 964 1205 „utq-

139 1231 270 1293 ρώματος“
295 1229 467 1277 illustramlarn
489 1244 518 1274 ex
538 1223 767 1277 Valentinianorum
790 1237 814 1276 et
833 1229 965 1289 suiipsius

138 1307 235 1377 placitis
259 1318 353 1378 adegit,
387 1331 440 1362 cum
463 1316 494 1362 iis
521 1316 689 1374 conserimus,
716 1332 779 1378 quae
801 1333 833 1362 ex
854 1301 970 1375 ipsorum·

138 1403 281 1463 Scripturae
295 1403 430 1452 verborum
447 1409 471 1447 et
487 1402 667 1462 significatione
684 1411 708 1449 et
721 1419 788 1449 nexu
806 1401 964 1463 prodierunt:

138 1488 278 1534 differentia
295 1505 358 1551 quae
378 1491 442 1536 inter
459 1489 547 1535 eadem
564 1490 707 1547 intercedit,
730 1473 796 1535 hoec
810 1490 863 1536 erit.
895 1487 965 1533 Deus

104 1633 106 1637 Α
137 1577 212 1624 fietus
229 1590 243 1621 a
260 1574 352 1623 critico
363 1590 458 1623 vacuus
476 1582 528 1632 est,
544 1576 619 1637 Bythi
635 1577 713 1622 instar
726 1575 964 1631 Valentinianorum,

137 1665 322 1725 proptereaque
338 1664 442 1725 indiget,
461 1669 487 1708 ut
504 1663 658 1723 compleatur
674 1657 728 1710 sive
747 1657 885 1709 Pleromate
899 1661 968 1708 Aeo·

138 1767 209 1808 num,
224 1752 278 1798 sive
294 1750 460 1811 completione
477 1764 523 1809 per
540 1749 672 1797 Christum.
701 1750 785 1807 Dens,
807 1751 878 1812 cujus
898 1751 965 1796 Pau-

137 1837 175 1883 lus
192 1846 305 1883 naturam
326 1839 413 1895 docet,
426 1835 517 1897 ‘plenus
535 1844 574 1882 est
590 1845 665 1898 atque
681 1837 822 1893 abundans,
846 1851 922 1897 quare
938 1846 965 1883 ut

136 1922 263 1985 repleatur
283 1923 373 1971 nullius
397 1930 454 1984 eget
476 1922 663 1983 complementi,
686 1924 817 1985 quinimmo
842 1924 897 1984 ipse
926 1932 965 1971 est

138 2009 278 2070 plenitudo,
301 2025 365 2071 quae
381 2018 408 2056 ut
425 2008 589 2070 corporaliter
605 2007 724 2055 inhabitet
739 2010 763 2070 51¹
782 2010 895 2067 Christo,
916 2012 965 2072 ipsi

138 2095 192 2142 Deo
209 2096 312 2156 placuit.
335 2097 415 2149 Quum
432 2103 513 2142 autem
529 2095 599 2142 Deus
616 2095 663 2142 sibi
679 2098 859 2155 promanabat,
873 2105 899 2142 nt
913 2097 964 2157 ple·

136 2183 281 2229 nitudosua
297 2183 439 2245 σωματικῶς
454 2182 603 2230 inhabitaret
617 2183 641 2228 in
658 2180 772 2230 Christo:
791 2184 905 2230 Christus
915 2200 964 2230 non

137 2279 176 2316 est
199 2285 291 2330 eorpus
308 2269 354 2315 Dei
377 2285 406 2316 eo
428 2271 514 2326 modo,
545 2277 572 2315 ut
588 2269 636 2315 Dei
656 2271 769 2317 vacuitas
789 2272 881 2318 habeat
897 2272 963 2333 quid,

137 2372 185 2416 qno
203 2356 371 2415 compleatur,
394 2356 440 2403 sed
457 2356 526 2402 Deus
548 2364 587 2402 est
603 2372 695 2415 corpus
713 2356 805 2403 Christi
821 2359 866 2404 ie.
895 2358 963 2405 Deus

138 2450 207 2488 tanta
224 2444 350 2490 essentiae
366 2443 476 2489 abundat
493 2442 619 2497 ubertate,
647 2449 687 2499 ut,
709 2451 872 2506 posteaquam
888 2444 964 2491 multa

136 2544 183 2590 per
202 2530 306 2576 saecula
332 2531 357 2576 in
376 2528 508 2591 prophetis
525 2529 556 2574 ad
573 2537 670 2591 tempus
687 2538 710 2576 et
725 2538 819 2578 tanturn
838 2550 964 2594 aucupan-

136 2616 186 2670 κῶς
200 2616 358 2663 manifestum
376 2632 435 2664 sese
451 2614 566 2672 fecisset,
585 2616 670 2663 ultimo
688 2616 887 2668 horunrdieruni
903 2628 963 2665 tem-

137 2707 211 2760 pore,
227 2702 252 2747 in
268 2702 367 2751 Christo
385 2704 540 2764 σωματικῶς,
559 2705 574 2750 i.
591 2719 612 2751 e.
629 2719 691 2751 vere
710 2713 735 2751 et
750 2705 852 2752 realiter
868 2705 963 2751 inhabi-

137 2795 200 2833 taret
216 2781 281 2845 tota,
299 2805 363 2852 quae
379 2790 458 2851 ipsius
474 2792 577 2853 propria
594 2798 644 2848 est,
662 2792 821 2851 plenitudine.
840 2817 872 2839 -,
893 2791 963 2838 Chri-

135 2882 191 2921 stus
209 2874 283 2921 Bauri
300 2884 438 2937 conceptus
454 2877 618 2937 cogitatione,
637 2876 719 2924 forma
736 2886 774 2923 est
791 2892 884 2936 vacua,
904 2895 963 2941 qua-

136 2967 241 3022 propter
257 2961 394 3020 desiderat,
416 2970 444 3009 ut
461 2963 585 3011 eeclesiae
602 2963 729 3024 repleatur
750 2965 860 3012 materia.
893 2966 963 3012 Chri·

135 3055 205 3104 stus,
240 3047 271 3093 de
292 3063 339 3108 quo
357 3048 463 3110 loquitur
478 3049 571 3097 Paulus
594 3057 633 3096 est
647 3050 749 3110 plenus,
773 3054 900 3115 ¹quoniam
916 3053 964 3099 Dei
