2035 3500
53 3076 57 3097 Ι

123 179 161 231 46

123 322 307 369 attribrrto'nisi
327 323 448 369 humanae
460 321 507 367 soli
528 326 632 367 naturae
649 324 867 382 consentaneam).
900 321 947 367 lta-

123 424 170 471 qne
181 407 329 472 apostolum,
346 409 386 456 uhi
402 422 491 454 nornen
509 407 612 455 alterius
621 407 693 455 Adae
708 407 807 455 Christo
823 409 947 464 indiderit,

121 513 172 546 nou
188 498 286 561 quidem
300 498 391 545 nudum
408 496 514 543 eundum
530 495 671 559 professum
683 512 741 546 esse
749 495 882 553 hominem,
899 495 949 542 cri-

123 587 188 634 ticus
204 595 287 648 putat:
303 601 383 647 neque
400 600 461 633 vero
479 585 585 632 divinum
598 584 665 644 illud,
683 603 731 649 quo
749 594 890 635 ceterorum
904 584 949 632 ho·

124 675 214 720 minum
235 673 321 735 generi
343 671 498 719 Salvatorem
518 674 651 731 exemerit,
672 674 738 720 aliud
758 690 816 721 esse
838 674 884 720 nisi
905 670 948 729 „rii

123 761 239 821 traduct‘.
272 759 361 806 Patere
372 761 436 807 eninr
454 775 484 806 ex
496 759 565 806 l'auli
582 760 702 822 doctrina,
719 760 842 808 Christum
857 773 948 806 secun·

123 847 179 892 dum
198 846 324 908 propriam
340 863 411 894 suurn
428 855 452 894 et
468 846 628 908 principalem
644 849 806 896 substantiam
823 862 882 894 esse
898 847 949 909 spi·

123 935 195 980 ritum
211 932 254 991 (jo
264 933 345 996 κύριος
355 934 379 981 τὸ
396 935 490 996 πνεῦμα
499 934 568 995 ἔστι).
587 935 671 988 Quare
680 951 753 997 quum
767 936 848 982 divina
858 933 949 981 Christi

124 1027 212 1064 natura
229 1020 296 1080 aqud
312 1020 414 1066 Paulum
430 1021 456 1066 in
472 1021 558 1082 spiritu
575 1021 629 1067 solu
647 1030 764 1069 cernatur
779 1020 948 1068 vivificationis

123 1106 246 1166 (,,πνεῦμα
261 1108 420 1168 ζωοποιοῧυζί)
437 1107 491 1152 sive
500 1108 703 1155 sanctificationis
713 1109 835 1170 (pomiflua
842 1105 949 1171 ἁγιωσύ-

124 1196 204 1252 νης“);
221 1193 285 1238 idem
306 1192 333 1238 11.
351 1191 397 1237 300
415 1191 479 1239 fines
500 1194 672 1240 monotheismi
694 1210 743 1240 uon
764 1204 949 1253 transgressum
975 1214 978 1218 ·

123 1293 182 1324 esse
199 1277 350 1339 apostolum,
367 1293 413 1338 pro
431 1286 501 1325 certo
514 1280 591 1325 hahet
607 1280 707 1325 criticus
720 1287 813 1324 noster.

186 1363 237 1409 Sed
259 1363 280 1409 si
302 1365 334 1409 ad
355 1363 428 1411 locos
448 1365 505 1412 illos
531 1381 546 1411 a
565 1364 727 1425 Schweglero
753 1365 785 1408 ad
804 1362 949 1409 firmandam
973 1419 977 1426 st

123 1450 275 1514 hypothesin
298 1465 368 1497 suam
391 1451 514 1500 adductos
536 1453 643 1499 arrimum
660 1449 828 1497 retulerimus:
851 1449 948 1496 dubium

122 1541 195 1589 nobis
212 1540 270 1597 crit,
286 1555 318 1586 an
335 1539 408 1587 iidem
426 1555 442 1586 a
463 1540 549 1587 critico
570 1540 594 1586 in
611 1540 674 1602 ipsis
690 1538 761 1587 Pauli
781 1538 893 1601 epistolis
908 1546 950 1586 re-

123 1630 187 1690 perti
204 1629 261 1674 sint.
294 1627 357 1673 Nam
373 1627 446 1674 tertio
463 1629 545 1689 capite
562 1627 664 1677 alterius
681 1626 802 1690 epistolae
820 1628 852 1673 ad
863 1626 948 1675 Corin·

124 1716 199 1771 thies,
215 1714 258 1761 ubi
278 1713 395 1775 leguntur
403 1716 480 1763 verba
497 1714 527 1772 „t
542 1713 567 1762 δὲ
583 1714 664 1775 κύριος
679 1714 772 1777 πνεῦμά
789 1716 862 1776 dorff‘,
877 1730 950 1776 argn-

124 1811 233 1849 mentum
257 1802 366 1861 apostoli
386 1802 484 1848 cumino
496 1816 551 1846 ¹non
572 1810 688 1848 versatur
701 1803 726 1848 in
741 1803 837 1849 naturis
857 1801 948 1848 Christi

124 1890 264 1951 dogmatice
280 1889 457 1935 describendis.
490 1889 583 1935 Verum
604 1890 688 1950 potius
709 1890 869 1951 conqueritur
889 1904 949 1950 apo·

126 1978 205 2024 stolus
227 1978 258 2021 de
276 1976 440 2022 obduratione
457 1975 624 2032 ludaeorum,
648 1992 751 2038 quornm
773 1993 817 2024 cor
834 1984 950 2038 tanquam

125 2063 245 2110 velamine
253 2068 422 2121 supertectum
430 2061 470 2116 sit,
488 2061 616 2121 quominus
624 2070 696 2108 vetus
711 2063 802 2109 foedus
812 2064 836 2107 in
849 2062 949 2107 Christo

124 2149 263 2196 absolutum
297 2163 356 2194 esse
391 2155 637 2208 consummatumque
661 2147 805 2209 intelligant.
861 2148 950 2209 Neque

122 2238 194 2297 prius
210 2235 269 2280 illud
287 2233 401 2280 velamen
426 2234 562 2280 detractum
578 2235 609 2281 iis
623 2235 668 2291 iri,
684 2250 757 2296 quarn
777 2235 809 2280 ad
826 2234 949 2280 dominum

123 2336 181 2368 sese
198 2321 373 2367 converterint.
405 2320 524 2366 Dominus
537 2328 618 2366 autem
634 2322 736 2382 spiritus
752 2330 798 2378 est,
814 2322 855 2367 ubi
869 2329 951 2366 autem
996 2376 998 2380 7

124 2407 226 2470 spiritus
241 2406 347 2462 Domini,
363 2407 396 2452 ibi
412 2406 515 2451 libertas
534 2405 627 2463 (2Cor.
643 2405 716 2467 3,l7).
733 2434 761 2442 -
779 2408 860 2460 Quum
877 2407 951 2467 igitur
1012 2409 1014 2458 l

123 2503 257 2560 usurpatus
274 2495 306 2542 sit
322 2495 353 2542 ab
363 2493 476 2556 apostolo
494 2492 610 2541 articulus
627 2491 699 2556 (‚,r‹i“
714 2495 825 2560 πνεῦμα),
841 2508 950 2543 necesse
1012 2477 1013 2483 ¹

125 2597 176 2644 est,
192 2584 323 2632 Dominum
342 2599 398 2630 eum
418 2599 476 2631 esse
492 2585 619 2647 spiritum,
637 2600 708 2646 quem
725 2583 855 2646 apostolus
872 2598 950 2645 supra

120 2677 173 2738 jam
198 2674 339 2719 accuratius
366 2672 539 2734 designaverit.
582 2673 664 2733 Atque
691 2673 823 2733 opponitur
852 2672 950 2734 quidem

123 2761 166 2824 „rh
187 2760 297 2821 unedp.ra“
312 2775 388 2806 versu
403 2768 475 2807 sexto
497 2760 609 2822 ejusdem
629 2761 718 2821 capitis
735 2762 785 2819 ,ρπβ
799 2759 949 2821 γράμμαπιζΰ,

95 2898 99 2903 ⁴
125 2847 179 2912 („rh
196 2847 246 2911 γὰρ
255 2844 359 2909 γράμμα
374 2846 513 2907 ἆποκγεῖυει,
528 2844 554 2895 th
571 2846 599 2894 δέ
612 2846 706 2909 πνεῦμα
723 2846 867 2906 ζωοποιεῖζζ).
902 2845 948 2891 lta·

123 2951 171 3000 que
186 2934 299 2994 Moyses,
314 2948 386 2995 quum
401 2933 481 2997 legem
499 2934 545 2982 Dei
561 2931 721 3004 promulserit
736 2931 826 2980 tabulis
841 2931 949 2994 lapideis

124 3065 280 3075 .....----

147 3147 183 3194 30)
197 3138 325 3192 Schweglcr.
339 3143 425 3192 naclrap.
440 3144 462 3181 Z.
475 3144 503 3182 11.
518 3157 538 3193 p.
551 3145 596 3180 287.
