2035 3500
66 150 153 202 *22

119 295 229 341 membra
248 294 363 353 corporis
381 291 530 345 effundatur,
555 302 610 334 cum
636 288 716 351 iisque
739 289 942 335 communicetur.

119 380 206 440 ltaque
223 379 337 439 quoniam
353 392 434 438 neque
451 382 527 436 eaput
544 390 559 421 a
576 389 698 436 corpore,
721 388 802 436 neque
818 389 912 435 corpus
929 389 945 420 a

121 466 203 526 capite
219 472 303 525 potest
313 463 404 511 divelli:
422 462 537 509 Christus
554 468 579 508 et
588 462 795 523 cornplementum
810 468 849 507 est
863 460 945 507 eccle-

120 552 190 608 siae,
212 538 239 598 vet
261 551 368 597 ecclesia
385 550 591 610 complementum
612 547 705 595 Christi
719 548 766 605 ita,
796 556 825 600 >ut
853 563 944 609 corpus

122 638 262 704 ecclesiae,
280 638 345 682 dona
361 650 425 697 quae
442 635 557 696 accipite
576 633 688 695 Christo,
716 650 788 697 quem
803 636 858 696 ipse
870 634 945 704 'Deus

121 731 198 770 totum
215 722 335 783 complet,
352 724 536 783 impertiuntur,
553 721 667 781 recipiat.

184 809 351 872 Posteaquam
373 810 446 870 igitur
461 810 486 855 in
502 809 532 855 iis
547 808 623 865 locis,
651 808 682 854 ad
700 823 762 869 quos
781 808 887 854 animum
904 807 948 853 ad-

121 895 256 954 vertimus,
284 896 342 941 nihil
368 896 520 955 invenimus,
556 910 604 957 quo
631 909 691 942 suas
720 895 851 955 opiniones
879 893 948 940 Bam·

123 983 311 1040 comprobaret:
342 982 374 1027 ad
396 997 425 1028 ea
439 984 491 1045 jam
514 983 592 1029 verba
611 980 759 1041 explicanda
781 988 947 1037 transeamus,

124 1079 187 1126 quae
202 1065 317 1126 leguntur
332 1068 356 1112 iu
373 1068 480 1128 epistola
496 1070 528 1113 ad
537 1067 661 1128 Ephesios
673 1066 747 1125 3519,
760 1066 856 1115 Auctor
866 1072 948 1112 autem

123 1151 243 1212 epistolae
259 1153 300 1197 uhi
316 1160 465 1213 precatura
481 1154 537 1199 Deo
554 1152 654 1214 (stt),
673 1155 741 1199 utin
757 1154 874 1200 cordibus
888 1152 949 1199 fide÷

123 1238 183 1284 lium
205 1238 318 1285 Christus
339 1240 435 1285 habitet
454 1254 500 1298 per
518 1238 591 1285 fidem
608 1247 682 1301 atque
698 1248 725 1285 ut
741 1240 765 1285 in
781 1254 867 1285 amore
883 1239 949 1284 radi-

124 1325 174 1369 cati
193 1338 223 1369 ac
241 1325 336 1370 fundati
357 1326 569 1385 comprehendere
587 1326 697 1381 valeant,
724 1324 789 1386 quae
811 1325 843 1371 sit
862 1323 949 1385 ampli-

123 1409 183 1455 tudo
208 1417 232 1456 et
251 1410 378 1472 longitudo
399 1420 424 1457 et
442 1412 599 1473 profunditas
620 1419 647 1464 ct.
663 1410 766 1457 altitudo
785 1410 846 1467 Dei,
874 1417 949 1472 etque

125 1506 290 1555 cognoscere
304 1495 394 1542 Christi
418 1511 541 1554 amorem,
576 1498 617 1559 qui
645 1505 748 1558 superet
777 1497 949 1557 cognitionem,

125 1581 193 1626 addit
208 1597 232 1627 v.
250 1581 291 1626 19:
323 1580 384 1638 „ihc
404 1586 539 1644 πληρωθῆτε
559 1585 591 1637 εἷς
607 1584 655 1630 πᾶν
670 1582 784 1645 πλήρωμα
801 1582 843 1629 τοῦ
859 1582 949 1637 &eodm

125 1665 220 1718 Quibus
236 1669 336 1725 verbis,
366 1669 388 1714 si
409 1670 496 1715 eadem
513 1684 545 1715 ex
560 1669 715 1715 similitudine
735 1682 821 1714 eorum
837 1667 950 1713 locorum

124 1766 188 1811 quos
203 1753 358 1814 interpretati
372 1769 470 1812 sumus,
497 1754 661 1815 explicamus,
683 1753 716 1800 nil
731 1752 885 1814 significatur
902 1754 951 1800 nisi

123 1835 185 1882 hoc:
209 1871 225 1894 >a
233 1846 259 1884 ut
275 1839 380 1897 (Christi
397 1855 482 1886 amore
498 1847 568 1887 recte
585 1841 775 1901 cognoscendo)
797 1840 829 1884 ad
844 1854 950 1897 omnem,

126 1937 190 1982 quae
211 1921 259 1971 Dei
275 1927 378 1986 propria
400 1934 452 1983 est,
484 1925 659 1985 plenitudinem
684 1925 853 1985 repleantur<
885 1926 949 1972 Nam

126 2014 152 2054 ut
168 2007 218 2056 hoc
234 2009 291 2059 loco
309 2009 359 2069 „rh
375 2008 491 2073 πλήρωμα
505 2011 547 2058 τοῦ
561 2011 641 2067 ξςεοῦις
660 2011 826 2073 intelligamus
843 2027 901 2060 esse
916 2012 950 2071 id,

126 2110 174 2156 quo
202 2097 356 2158 compleatur
375 2097 445 2145 Deus
468 2112 515 2159 per
536 2097 673 2156 Christum,
697 2098 764 2146 nulla
788 2114 817 2145 re
833 2099 950 2161 cogimur.

124 2182 324 2232 Discerneudum
341 2185 404 2231 enim
422 2193 461 2232 est
476 2185 540 2231 inter
561 2184 695 2248 „ullipopoi
712 2189 797 2242 rivogi‘
816 2187 838 2233 si
853 2201 895 2233 rcs
912 2195 951 2234 est

125 2271 243 2318 attributa
263 2272 334 2318 alteri
355 2271 453 2319 cuidam
471 2278 496 2318 et
522 2265 658 2334 »πλήρωμά
681 2278 764 2329 ενινοςα
789 2274 811 2321 si
837 2272 951 2321 absolute
992 2338 994 2341 Α

127 2363 166 2403 est
181 2360 297 2417 positum.
329 2359 451 2405 Absolute
472 2344 555 2403 autem
575 2374 649 2419 quum
669 2359 777 2418 positum
794 2360 837 2416 sit,
864 2360 951 2423 geniti·

126 2457 187 2499 vus)
214 2445 255 2505 qui
275 2446 368 2505 pendet
389 2460 405 2491 a
421 2444 591 2507 ,,πλήρωμα“,
616 2461 741 2506 nunquam
756 2446 811 2493 fere
829 2428 952 2506 genitivus

125 2543 175 2574 non
198 2531 243 2576 erit
265 2532 433 2592 subJ‘ectivus,
458 2531 533 2577 veluti
553 2531 627 2578 Rom.
646 2531 686 2588 ll,
701 2531 732 2577 ‘25
762 2525 855 2592 „dm
875 2524 904 2578 οὗ
926 2530 951 2578 τὸ

126 2614 240 2676 πλήρωμα
259 2617 306 2664 τῶν
321 2617 399 2672 {soron
424 2615 553 2678 εἷσὲλῇῃίζ,
572 2617 614 2663 ubi
634 2616 772 2679 „clippeum
787 2619 833 2665 cdv
848 2618 950 2674 ε’ξτνῶνα

126 2714 177 2746 non
197 2709 235 2748 est
256 2701 360 2750 alterum
382 2703 512 2765 quiddam,
543 2704 611 2765 quod
627 2703 874 2765 compleat‘gentes‚
905 2704 951 2750 sed

126 2792 215 2847 gentes
231 2775 313 2848 ipsae,
331 2802 395 2851 quae
411 2791 561 2849 semetipsas
578 2791 717 2852 complent,
734 2790 879 2850 i..e.pleuus
891 2785 950 2850 gen-

126 2873 186 2919 tium
202 2888 324 2923 numerus.
356 2877 412 2923 Huc
437 2875 585 2924 referendus
612 2886 651 2924 est
669 2876 741 2923 locus
764 2875 806 2922 ille
829 2876 950 2937 epistolae

125 2960 158 3006 ad
174 2958 342 3009 colossenses
358 2963 413 3021 229,
436 2978 484 3026 quo
507 2965 577 3020 „mciv
591 2961 616 3010 rh
633 2961 748 3024 πλήρωμα
764 2962 803 3021 τῆς
819 2961 950 3021 ξτεότητοςιι

126 3061 176 3094 uon
192 3055 232 3095 est
241 3046 373 3105 Divinitas,
388 3065 452 3110 quae
470 3049 621 3110 complenda
635 3049 668 3095 sit
684 3048 764 3098 alteru
781 3051 887 3112 quadem
900 3048 951 3111 ple-
