2035 3500
881 180 916 236 45

90 331 229 392 eademqne
250 331 346 377 auctori
365 310 525 391 epistolarum
546 329 578 373 ad
599 327 724 389 Ephesios
741 336 766 376 et
783 329 913 379 Colossen-

90 434 142 466 ses.
173 419 236 467 Nam
251 419 276 465 id
293 417 447 479 potissimum
462 416 542 479 agitur
556 417 649 463 nostris
666 416 790 477 epistolis,
812 427 839 465 ut
854 412 914 481 pro-

90 506 183 565 prietas
207 514 232 552 et
254 503 357 549 libertas
378 503 516 559 vindicetur
536 501 726 549 Christianismo
747 504 860 552 absoluta
880 507 914 551 di-

89 593 182 652 gnitate
205 590 304 637 Christo
327 589 466 635 tribuenda.
500 588 587 635 Studia
609 596 691 636 antem
713 589 819 636 absoluti
835 592 913 638 hono-

89 678 125 723 ris
146 684 171 722 et
187 677 299 738 religioni
318 674 474 729 Christianae
496 682 520 720 et
535 674 582 735 ipsi
599 690 723 735 personae
741 676 833 723 Christi
850 693 915 724 eom.

88 764 194 822 parandi
210 778 334 823 nunqnam
350 760 404 807 fere
421 776 470 806 non
487 767 545 806 sunt
561 762 706 807 communia.
724 762 774 822 ⁴³Ea
790 763 864 823 igitur
877 780 913 820 re,

89 849 156 910 qnod
173 848 284 910 epistolis
293 848 386 896 nostris
401 845 515 893 absoluta
526 845 682 892 Christianae
699 848 828 910 religionis
837 850 914 909 digni-

88 945 128 984 tas
147 945 289 1000 opponatur
303 935 436 994 Judadoae,
461 933 626 996 colligendum
644 949 716 994 esse,
742 936 843 985 criticus
860 953 911 999 per·
967 932 969 935 ”

14 1082 15 1086 ¹
88 1026 140 1086 git,>
151 1027 182 1072 ab
200 1042 231 1073 ea
246 1035 319 1087 parte
334 1026 437 1073 easdem
454 1025 556 1071 duxisse
573 1025 703 1086 originem,
728 1028 831 1088 quaein
850 1027 915 1074 Pau-

89 1113 139 1182 lino
167 1113 369 1175 perseveraverit
397 1127 491 1174 genere
518 1113 631 1161 docendi.
653 1139 682 1146 —
710 1113 804 1160 Verum
829 1130 912 1177 quum,

88 1216 152 1262 quae
173 1203 197 1247 in
214 1203 307 1249 nostris
324 1201 437 1263 epistolis
454 1207 545 1261 exstat,
562 1200 673 1246 doctrina
689 1200 720 1245 de
737 1199 837 1247 Christo
853 1218 914 1263 pro-

88 1287 154 1332 xime
175 1288 280 1334 accedat
297 1288 328 1333 ad
346 1286 531 1346 christologiam
549 1286 672 1346 evangelii
687 1285 823 1342 Johannis,
848 1288 915 1348 quod

88 1372 189 1419 saeculo
206 1376 318 1421 secundo
339 1374 506 1434 conscriptum
527 1387 584 1418 esse
611 1385 758 1432 persuasum
775 1372 851 1419 habet
868 1374 914 1419 eri-

89 1460 137 1505 tius
151 1452 249 1517 noster‚
279 1459 435 1505 manifestum
451 1473 521 1513 esse,
544 1464 670 1503 auctorem
686 1457 848 1517 epistolarum
863 1474 915 1503 non

87 1544 167 1604 ipsum
184 1559 242 1590 esse
251 1545 353 1590 Paulum
371 1542 522 1605 apostolum,
537 1542 583 1587 sed
599 1531 681 1602 potius
697 1541 825 1588 falsarium
838 1558 914 1604 quen·

88 1630 144 1678 dam
162 1632 203 1695 qui
219 1631 323 1680 saeculo
339 1631 450 1680 secundo
467 1631 492 1677 in
509 1627 578 1677 Pauli
595 1628 724 1677 doetrinae
743 1632 914 1693 promovenda

88 1736 191 1783 operam
205 1720 375 1781 collocaverit.
408 1720 514 1769 Critieus
530 1722 594 1768 enim
609 1735 682 1782 quum
697 1735 751 1767 eam
768 1720 913 1780 doctrinam,

88 1825 152 1871 quae
177 1810 208 1856 de
231 1809 313 1856 divina
332 1808 424 1856 Christi
447 1816 536 1855 natura
563 1816 588 1855 et
605 1807 629 1853 in
647 1806 776 1868 evangelio
793 1808 913 1857 dohannis

17 1948 19 1950 ,
88 1905 113 1942 et
137 1897 161 1942 iu
186 1896 298 1956 epistolis
325 1896 357 1941 ad
376 1895 501 1955 Ephesios
526 1904 551 1941 et
576 1894 742 1941 Colossenses
766 1895 914 1957 inveniatur,
942 1918 943 1921 ¹

88 1981 136 2028 alio
157 1982 229 2027 modo
257 1996 307 2027 non
334 1988 486 2027 exstructam
511 1996 569 2028 esse
589 1989 716 2042 supponat
735 1981 783 2027 nisi
805 1982 913 2030 Philonis

87 2066 212 2129 logologia
233 2067 301 2128 prius
322 2069 345 2115 in
365 2067 447 2116 lucem
464 2067 564 2130 prolata
584 2081 615 2114 ac
636 2068 800 2130 pervulgata,
828 2086 914 2131 quum-

87 2169 135 2215 que
155 2146 236 2214 ipsum
259 2155 358 2200 Paulum
382 2155 535 2215 apostolum,
566 2155 607 2213 qui
629 2154 683 2198 fere
702 2154 815 2214 aequalis
839 2155 915 2201 fuerit

87 2238 209 2294 Philonis,
245 2255 317 2284 usum
342 2254 401 2285 esse
421 2240 533 2300 ejusdem
545 2239 614 2285 libris
632 2238 785 2299 philosophi,
815 2241 913 2287 minime

36 2378 37 2381 Ἰ
86 2323 333 2384 habeat'prohahile:
367 2339 416 2369 non
437 2332 521 2385 potest
536 2312 593 2386 quin
617 2326 689 2371 etiam
706 2332 805 2371 nostras
823 2327 914 2387 episto·

19 2437 20 2451 2
86 2412 126 2463 las
148 2428 178 2475 ea
198 2420 280 2462 aetate
298 2420 438 2477 conceptas
454 2428 512 2462 esse
530 2411 674 2477 concludat,
707 2430 770 2479 qnae
786 2415 915 2480 exceperit

87 2494 257 2567 apostolicam.

132 2653 242 2716 *Verum
258 2660 340 2700 tamen
357 2652 423 2699 hane
438 2652 578 2713 opinionem
595 2669 678 2711 suam,
695 2669 726 2700 ex
743 2661 794 2701 toto
812 2655 914 2717 conjec-

85 2749 196 2788 turarum
207 2741 239 2787 ab
249 2754 279 2786 eo
297 2731 495 2801 excogitatarum
504 2756 572 2787 nexu
581 2742 731 2789 necessitate
747 2731 853 2802 quadam
872 2744 914 2790 de-

87 2829 199 2885 ductam,
223 2827 372 2888 firmiorubus
396 2829 549 2891 argumentis
570 2843 602 2874 ex
625 2828 686 2889 ipsis
707 2828 819 2889 epistolis
844 2816 913 2877 Pauli

28 2924 31 2929 '
86 2913 194 2973 apostoli
215 2914 309 2961 studuit
334 2916 508 2973 comprobare.
552 2914 711 2971 Demonstrat
730 2915 795 2962 enim
813 2916 914 2963 Paulum
930 2905 941 2914 ³

85 2999 110 3045 in
124 2996 216 3045 Christi
232 3015 343 3059 persona
359 3000 525 3048 describenda
535 3016 660 3063 nunquam
676 3001 756 3048 eidem
772 3003 913 3049 vindicasse
