2035 3500
162 151 197 215 16

160 295 400 357 consummationem
427 293 564 361 temp-orum
594 301 806 363 praeteritorum
825 304 879 350 Res
905 311 986 352 autem

160 399 230 459 ipsa,
246 407 310 455 quae
327 398 354 438 'ut
370 405 385 436 a
402 388 566 434 consummati
575 391 694 451 temporis
709 398 834 454 momento
851 406 986 455 peragere·

162 493 215 540 tur,
240 481 311 532 Deus
333 478 379 525 sibi
407 474 549 537 proposuit,
565 484 617 523 est:
645 472 935 545 „olvaxoqutmdoaosm
956 476 986 526 τὰ

162 570 250 620 πάντα·
274 569 299 615 ἒν
325 565 357 626 aqi
384 563 518 624 repremit·
547 547 694 613 Vocabulol·
710 560 986 627 „cluamecpctdcumobctffl

163 644 317 720 significatur
340 652 396 714 „ad
414 653 648 714 caputrevoea1·e“
673 651 749 700 veluti
766 653 902 700 orationem
917 652 986 700 habi·

162 756 211 793 tam
227 744 259 790 ad
276 748 352 802 caput
368 754 503 796 revocare,
523 738 538 786 i.
557 753 579 785 e.
597 754 716 786 summam
733 740 844 803 ejusdem
861 741 987 803 recapitu-

160 826 215 882 lare
233 832 286 878 sive
299 835 436 891 .1·epetere;
460 835 509 873 turn
527 826 599 872 etiam
617 827 733 888 dispersa
749 826 855 889 alicujus
872 828 987 889 eorporis

163 922 274 969 membra
290 918 322 965 ad
338 932 412 963 uuum
432 921 507 977 eaput
522 929 657 972 revocare,
681 921 754 976 atque
770 915 826 976 ipso
843 915 988 961 revocando

163 1023 256 1068 corpus
281 1011 432 1051 restaurare.
480 1003 564 1056 Quare
590 1002 615 1048 id
642 1003 689 1049 sibi
708 1001 788 1048 Deum
814 995 986 1062 proposuisse,

162 1102 253 1142 auctor
264 1088 386 1152 epistolae
409 1088 441 1133 ad
457 1078 581 1149 Ephesios
597 1088 740 1149 profitetur,
759 1096 785 1136 ut
803 1090 834 1135 ad
852 1083 987 1150 Christum,

161 1183 186 1229 in
203 1183 298 1243 quo'et
319 1184 454 1239 perquem
472 1182 577 1234 cuncta,
610 1182 635 1221 et
664 1172 793 1223 terrestria
819 1177 987 1236 etecoclestia

163 1275 249 1316 creata
267 1272 350 1321 erant,
379 1269 511 1325 postquam
536 1276 660 1322 magnum
674 1277 721 1323 per
744 1262 902 1311 saeculorum
926 1273 987 1327 spa-¹

161 1357 219 1403 tium
245 1352 335 1412 capitis
360 1351 463 1411 imperio
485 1364 535 1396 uon
552 1357 700 1411 paruerunt,
724 1349 782 1397 inde
802 1353 833 1398 ab
851 1354 986 1401 eorundem

162 1439 319 1490 saeculorum
337 1438 561 1494 consummatione,
578 1445 694 1498 tanquam
711 1437 742 1482 ad
752 1445 825 1499 caput
836 1454 986 1487 revocaren-

161 1538 201 1577 tur
216 1536 289 1589 atque
305 1519 330 1572 in
347 1524 461 1585 eorporis
477 1523 668 1570 restituerentur
686 1524 857 1586 integritatem.

224 1615 308 1675 Atque
328 1611 394 1658 hauc
418 1611 515 1671 quidem
532 1611 668 1656 doctrinam
684 1611 715 1657 de
733 1610 833 1659 Christo
849 1627 932 1660 rerum
948 1618 984 1663 vi-

162 1702 267 1750 sibilium
284 1708 309 1745 et
324 1697 481 1745 invisibilium
496 1698 641 1743 restitutore
658 1712 731 1758 qrmm
753 1712 769 1743 a
784 1697 986 1748 Valentianiano-

161 1806 216 1838 rum
232 1797 282 1835 tum
299 1786 399 1832 aBuuri
415 1784 552 1846 figmentiS,
567 1799 630 1845 quae
647 1799 678 1829 ex
689 1783 861 1848 Gnosticorum
880 1795 904 1833 et
916 1789 987 1837 Pauli

161 1877 246 1924 verbis
262 1873 325 1920 nrale
344 1871 475 1938 intellectis
491 1871 647 1931 permiscuit,
676 1870 821 1932 longissime
841 1873 986 1935 abhorrere,

162 1980 217 2011 cum
237 1961 316 2022 ipsius
339 1951 401 2005 vero
418 1957 487 2004 Pauli
509 1947 639 2015 disciplina
655 1957 747 2017 optime
765 1973 918 2022 congruere,
943 1963 986 2010 vix

162 2051 220 2107 erit,
238 2048 293 2111 quin
309 2044 464 2093 intellexerit,
496 2042 558 2087 Nam
578 2040 707 2098 Christus,
727 2043 800 2090 fictus
821 2060 836 2090 a
852 2046 986 2096 Valentini·

161 2138 228 2192 anis,
252 2125 366 2180 Aeonum
389 2128 599 2191 perturbationem
623 2137 692 2176 certo
713 2133 854 2192 composuit
868 2137 986 2196 temporis

161 2229 297 2277 momento,
314 2219 383 2281 prius
400 2230 472 2278 quam
490 2222 561 2262 extra
575 2215 692 2263 Pleroma
707 2233 749 2265 res
766 2225 900 2267 terrestres
917 2230 987 2270 ortae

162 2318 246 2370 erant,
261 2295 343 2368 neque
354 2298 449 2367 *postea
466 2303 498 2350 ad
516 2318 571 2349 eum
587 2302 712 2365 tamquam
729 2313 806 2366 eaput
822 2315 912 2355 cuncta
930 2308 987 2357 coe-

161 2397 236 2444 lestia
252 2401 276 2440 et
294 2392 422 2439 terrestria
436 2396 556 2435 revocata
570 2397 636 2435 sunt.
669 2389 782 2437 Christus
799 2400 893 2450 autem,
914 2412 987 2457 quem

162 2499 207 2532 sua
232 2482 298 2528 Baur
327 2477 443 2538 concepit
467 2476 628 2537 cogitatione,
661 2469 774 2537 quoniam
796 2479 820 2523 in
840 2486 986 2542 temporum,

162 2585 265 2633 quorum
289 2566 394 2614 alterum
421 2579 453 2610 ex
478 2563 555 2609 altero
578 2563 692 2623 procedit
720 2580 858 2626 rursusque
883 2567 986 2617 alterum

163 2657 253 2720 gignit,
265 2644 387 2701 =continua
404 2652 470 2698 serie
487 2658 576 2696 cuncta
593 2651 723 2697 terrestria
737 2660 761 2698 ct
776 2652 897 2699 coelestia
912 2657 987 2702 resti-

163 2745 218 2800 tuit,
243 2749 268 2789 et
294 2756 310 2787 a
326 2739 432 2795 Christi,
467 2745 491 2785 et
511 2753 526 2784 a
545 2736 724 2784 Valentinianis
745 2740 893 2800 excogitati,
926 2747 951 2787 et
972 2758 988 2789 a

163 2829 239 2878 Paulo
262 2825 377 2889 apostolo
399 2824 536 2886 praedicati
562 2824 720 2870 similitudine
743 2824 798 2884 pari
818 2825 892 2872 distat
912 2827 986 2876 inter.

162 2916 235 2967 vallo.
266 2914 334 2962 Pauli
355 2904 418 2960 eninr
437 2913 469 2959 de
486 2911 597 2968 Christo,
628 2926 711 2957 rerum
732 2911 877 2959 coelestium
895 2922 920 2961 et
935 2922 987 2962 ter-

161 3003 278 3055 restrium
295 3001 453 3057 restitutore,
471 3013 501 3045 ea
517 3005 556 3045 est
572 2997 697 3057 doctrina,
716 2999 782 3059 quod
800 2996 924 3057 Christus,
945 3013 986 3062 qui

162 3096 244 3155 imago
262 3089 293 3136 sit
309 3088 357 3135 Dei
379 3087 406 3146 (ἲ
423 3085 480 3134 Cor.
495 3085 518 3142 4,
533 3084 567 3144 4),
585 3098 718 3146 perquem
735 3088 816 3134 omnia
837 3084 922 3134 creata
938 3088 987 3135 siut
